3138 5202
840 461 844 478 l

714 491 889 553 ’ως

132 753 135 760 ,
247 681 398 739 currunt:
422 672 783 760 icqidiesimelmiqes,
803 677 829 742 I.
845 673 897 738 19.
910 674 946 741 2ι
971 693 1127 741 revocare
1143 674 1347 758 hortarique,

239 781 279 848 h.
295 778 327 844 6.
343 778 380 845 4ι
404 781 562 866 superori
573 780 752 866 delerique,
776 786 815 849 A.
832 780 884 846 21.
900 781 938 846 il:
956 780 1128 869 possideri
1143 780 1347 864 coeterique,

247 893 287 955 A.
303 887 355 954 34.
377 888 412 954 1:
434 887 598 973 pabulari
617 889 899 975 frementemque,
923 894 962 953 A.
979 888 1032 959 61.
1049 888 1085 954 6:
1110 889 1203 955 dirui
1225 888 1348 957 desei·

247 1014 321 1083 que,
344 1001 397 1060 Af.
415 993 469 1060 26.
486 994 517 1061 h.
713 1060 718 1069 ,

353 1107 455 1178 Multo
483 1108 583 1168 etlam
612 1109 851 1184 frequentiores
880 1114 957 1168 sunt
984 1109 1068 1168 aliae
1098 1107 1349 1184 compositiones

248 1229 310 1296 que
333 1214 471 1274 voculae
494 1222 527 1275 et
553 1215 588 1275 ln
620 1217 640 1276 d
668 1216 858 1276 exeuntium
896 1215 1088 1290 praesertim
1120 1214 1288 1274 nominum
1316 1221 1349 1273 ot

247 1320 495 1381 adiectivornm.
541 1321 667 1382 Tamen
684 1323 766 1382 haec
788 1321 1001 1381 commissura
1024 1315 1154 1396 saepius
1180 1321 1350 1384 iuvenitur

248 1427 336 1503 apud
359 1427 485 1503 priscos
508 1432 540 1487 et
562 1434 712 1489 recentes
735 1438 834 1503 quam
859 1429 946 1504 apud
970 1426 1114 1488 melioris
1138 1426 1257 1486 notetis
1272 1427 1349 1486 scri·

247 1540 366 1610 ptores.
412 1535 591 1597 Harantius
614 1535 696 1594 dicit
713 1536 839 1596 nullum
856 1536 971 1595 adesse
994 1535 1102 1596 locum
1125 1534 1214 1610 apud
1230 1548 1346 1610 prosse

246 1641 422 1716 scriptores
450 1640 650 1711 Sallustium,
675 1641 846 1713 Velleinm,
876 1640 1034 1711 Curtium,
1062 1640 1205 1700 Plinium
1228 1639 1348 1702 seom-

246 1747 336 1823 dum,
370 1747 504 1809 Florum
536 1748 819 1822 Iustinianumque
832 1742 867 1821 1),
899 1764 1006 1822 neque
1037 1747 1125 1823 epud
1151 1753 1264 1823 poetas
1291 1744 1348 1805 Oe·

245 1855 373 1932 tullum,
397 1853 590 1930 Vergilium,
619 1852 785 1930 Ovidium,
815 1853 1009 1923 Phaedrum,
1035 1853 1182 1914 Persium
1211 1852 1348 1913 Iuvens-

245 1961 385 2034 lemque.
433 1958 567 2036 ¹Contra,
602 1968 640 2020 ut
670 1975 778 2036 pauca
812 1976 851 2019 ac
883 1959 1052 2021 luculenta
1086 1974 1345 2028 commemorem,

245 2067 335 2141 apud
357 2066 508 2127 Plautum
531 2068 685 2127 undecim
709 2068 871 2143 exempla,
895 2067 929 2126 iu
942 2065 1107 2127 Ciceronis
1131 2063 1345 2141 orationibus,

246 2175 334 2247 quod
357 2173 496 2244 mireris,
520 2174 684 2244 undecim,
708 2175 744 2232 in
766 2174 918 2233 omnibus
942 2173 1013 2233 eius
1036 2173 1190 2248 operibus
1214 2171 1347 2232 circiter

245 2279 497 2358 quinquaginta,
525 2281 614 2356 epnd
636 2280 825 2341 Lucretium
848 2280 968 2357 viginti
991 2282 1126 2355 septem,
1156 2279 1245 2353 apud
1274 2274 1348 2337 Gel-

245 2386 325 2446 lium
342 2387 565 2463 quadraginta
580 2392 733 2462 quattuor
756 2392 917 2463 apparent
928 2380 965 2460 ¹).
1005 2383 1163 2445 Omnibus
1179 2385 1249 2443 fere
1265 2384 1347 2442 locis

247 2492 430 2568 proximum
454 2493 594 2554 verbum
617 2510 637 2553 a
660 2493 768 2553 vocali
790 2493 916 2570 incipit,
941 2495 977 2552 ut
995 2492 1130 2552 elisione
1154 2491 1256 2550 nimie
1279 2505 1348 2549 cor-

245 2600 411 2675 reptorum
437 2600 640 2675 syllabarum
663 2600 850 2675 frequentia
879 2599 1025 2659 deminui
1048 2597 1200 2674 potuerit.
1247 2595 1346 2670 Apud

245 2703 417 2766 Caesarem
450 2721 556 2782 pauca
588 2708 740 2782 exempla
772 2707 949 2766 hebemus:
982 2700 1096 2786 qratia
1119 2698 1346 2784 diqne‘tateqce

245 2806 464 2893 amplificata,
488 2808 519 2873 6.
543 2808 594 2872 12.
613 2808 651 2873 6ι
687 2809 972 2892 commodioreque
995 2809 1125 2889 itinere,
1151 2811 1209 2871 111.
1231 2805 1285 2870 97.
1306 2802 1344 2870 3:

240 2915 286 2978 oh
310 2915 462 2979 omnihus
485 2914 604 2999 leqale's
627 2921 873 2998 quaesisseque,
897 2913 928 2977 6.
946 2912 1000 2978 25.
1017 2911 1049 2978 5.
1096 2917 1250 2978 Proximo
1273 2917 1345 2975 loco

244 3025 341 3085 lectio
375 3028 612 3106 quaesisseque
648 3019 755 3104 [codd.
785 3017 1089 3103 quaestorihesqee]
1120 3040 1163 3082 ex
1193 3022 1345 3082 emende-

241 3118 333 3191 'tione
355 3131 507 3193 Oiaoconl
539 3135 671 3210 pendet,
704 3133 761 3208 qui
792 3138 882 3193 recte
905 3137 1016 3191 monet
1047 3132 1082 3189 in
1106 3129 1247 3206 singulis
1275 3144 1345 3204 pro

243 3237 362 3298 vinciis
397 3239 544 3315 singulos
571 3240 673 3300 luisse
707 3246 911 3314 quaestorem
948 3253 1046 3312 quem
1070 3236 1344 3313 emendationem,

243 3343 391 3420 plerique
415 3345 556 3405 editores
579 3354 783 3422 receperunt.
841 3344 1058 3405 Vielheberus
1081 3347 1190 3401 sutem
1213 3349 1246 3400 et
1269 3341 1344 3401 Hol-

244 3447 343 3510 derue
366 3452 470 3511 verbs
492 3446 613 3532 ieqaiie
635 3447 928 3531 quaestoribesqae
952 3450 1046 3511 uncis
1069 3449 1282 3508 incluserunt.

351 3556 388 3615 In
410 3556 500 3616 Bello
516 3557 630 3618 Africo
654 3559 840 3634 frequentia
862 3558 977 3617 tellum
1001 3554 1271 3632 compositionum
1296 3561 1345 3614 est

244 3667 334 3723 tenta
366 3670 402 3723 ut
424 3663 460 3724 id
492 3680 594 3728 unum
622 3663 726 3727 libelli
758 3665 901 3724 maxime
935 3662 1103 3739 proprium
1130 3657 1343 3735 habeatur³):

242 3763 439 3848 deitateque
474 3785 599 3848 carere,
631 3766 692 3830 22.
720 3767 757 3830 2:
795 3766 1039 3848 acerbitateqce
1074 3783 1342 3846 commemorare,

242 3867 296 3932 26.
313 3869 350 3934 2:
367 3871 661 3956 desperationeqee
678 3874 854 3948 eremeliae,
871 3872 925 3936 32.
942 3873 1182 3956 ltneceseeqee
1198 3869 1342 3952 haberet,

302 4097 305 4105 -
351 4061 378 4128 1)
398 4060 472 4116 Item
498 4076 660 4133 perperam
684 4063 821 4117 nominet
846 4061 997 4118 orationes
1018 4057 1180 4116 Ciceronis.
1218 4059 1272 4130 Op.
1293 4060 1340 4117 cit.

241 4165 270 4218 p.
291 4147 327 4203 26

328 4190 375 4302 ’2)
395 4235 439 4294 cf.
459 4237 573 4312 hierteu
593 4257 621 4310 p.
641 4238 690 4306 22ς
719 4239 858 4308 Thomas,
879 4238 951 4294 Rev.
973 4238 1011 4294 (16
1032 4237 1105 4293 Phil.
1130 4237 1208 4307 1884,
1226 4254 1255 4308 p.
1274 4237 1342 4307 1³33

240 4323 368 4394 Dosson,
387 4326 460 4382 Rev.
480 4327 518 4382 de
536 4326 611 4382 Phil.
631 4327 709 4394 iseo,
728 4344 757 4398 p.
776 4326 821 4384 hii.
1169 4349 1171 4352 ¹

291 4477 293 4482 ,
352 4413 380 4484 3)
401 4414 444 4474 Oi.
464 4415 580 4487 Miiller,
600 4416 740 4475 Zeitschr.
760 4417 780 4471 i.
800 4417 828 4473 d.
849 4415 968 4487 Gymn.‚
986 4415 1066 4473 Wes.
1088 4414 1165 4485 1888,
1184 4432 1218 4489 p.
1232 4414 1293 4471 668.
