3138 5202
621 415 796 527 Ln'.

159 652 202 730 u,
219 659 396 728 numquam
414 669 475 732 que
495 653 666 734 nutatque
683 649 749 728 (ao)
765 653 958 713 intercedat.
986 654 1072 714 Ecce
1088 654 1255 730 exempla:
1311 634 1315 640 ’

267 753 313 817 M.
338 756 487 821 Messala
510 760 541 820 ei
565 757 611 820 M.
637 757 760 820 Pisone
784 755 984 830 carnalibus,
1011 756 1040 820 1.
1057 756 1088 820 2.
1108 756 1136 818 l.

267 864 419 928 consules
451 868 610 940 creantur
643 862 755 928 Iulius
789 860 915 928 Caesar
947 869 978 927 et
1011 863 1050 926 P.
1080 861 1255 944 Seruilius,

319 975 377 1034 111.
401 970 478 1034 1.1.

268 1075 305 1140 L.
335 1075 516 1141 Lentulum
551 1084 582 1142 ei
620 1074 655 1144 0.
688 1075 891 1141 Marcellum
925 1075 1077 1140 consulas
1115 1080 1254 1150 creatos,

320 1187 403 1248 Hirt.
421 1181 474 1248 50.
491 1184 523 1247 4.

466 1392 498 1450 d.
531 1391 657 1451 Terna
686 1385 946 1460 substantiva.

266 1530 302 1588 ln
337 1531 524 1604 aequalium
556 1532 777 1591 membrorum
811 1530 1056 1597 enumeratione
1090 1528 1254 1587 rarissime

158 1636 310 1712 copulam
339 1637 370 1695 ci
399 1637 431 1696 in
461 1637 626 1712 prioribus
655 1637 811 1696 membris
840 1637 993 1695 omissam
1022 1635 1137 1694 ultimo
1165 1634 1253 1704 addi,

158 1743 244 1801 inter
267 1758 378 1802 omnes
402 1749 538 1802 constat.
573 1743 759 1821 Madvigius
768 1739 792 1817 ¹)
818 1741 950 1817 quidem
975 1741 1143 1801 contendit
1166 1741 1254 1815 apud

158 1847 348 1908 Ciceronem
383 1850 445 1909 hoc
481 1849 613 1908 dicendi
646 1866 750 1926 genus
784 1865 961 1923 numquam
991 1839 1143 1907 inveniri.
1190 1845 1254 1906 Sed

158 1969 223 2014 non
248 1954 384 2014 dubium
409 1959 458 2014 est
481 1956 560 2030 quin
584 1957 665 2015 haec
693 1956 813 2014 locutio
837 1955 988 2015 omnibus
1013 1954 1145 2030 linguae
1168 1959 1254 2011 aeta-

158 2059 246 2118 tibus
269 2068 427 2135 usurpata
451 2057 534 2136 sit2).
586 2061 791 2137 Quamquam
815 2060 1034 2120 confitendum
1059 2064 1108 2116 est
1131 2073 1254 2132 paucos

157 2166 247 2249 locos
283 2167 502 2242 suppeditare.
551 2167 647 2243 Apud
683 2166 855 2228 Caesarem
891 2168 966 2224 sunt
995 2164 1059 2223 duo
1089 2164 1162 2234 loci,
1198 2163 1254 2220 ali·

158 2277 317 2344 quantum
341 2271 444 2343 dubii,
469 2278 579 2332 tamen
604 2273 696 2350 digni
720 2272 775 2348 qui
799 2272 1023 2348 inspiciantur.

192 2390 225 2470 a)
251 2389 331 2476 luta,
344 2391 476 2476 frigore
491 2397 521 2456 ei
534 2391 688 2457 adsiduis
705 2391 874 2472 imbribus,
894 2391 923 2455 i.
940 2389 992 2453 24.
1012 2389 1041 2454 1.
1056 2388 1252 2468 (codicesss):

244 2497 376 2582 frigore
403 2503 434 2562 ei
457 2497 611 2563 adsiduis
634 2499 797 2563 imbribus
821 2499 965 2578 (codices
981 2498 1025 2574 u).

265 2625 395 2684 Retinet
417 2627 615 2686 vocabulum
639 2622 709 2687 iulo
733 2625 1000 2702 Oudendorpius3
1035 2625 1182 2700 plerique
1206 2639 1252 2680 re-

157 2731 319 2790 centiores
342 2731 494 2802 editores,
519 2733 753 2808 Nipperdeinm
779 2740 961 2807 sequentes,
986 2731 1147 2790 omittunt.
1182 2729 1252 2806 Ego

157 2843 235 2910 puto
268 2838 404 2897 alteram
438 2838 522 2896 banc
560 2839 734 2898 lectionem
767 2838 1031 2913 praeferendam,
1071 2851 1147 2895 nam
1183 2836 1252 2893 sine

157 2943 226 3001 ulla
259 2943 463 3003 dubitatione
487 2939 557 3004 luto
582 2946 631 3002 est
664 2944 865 3018 adscriptum
900 2943 1040 3018 margini
1073 2943 1114 3000 ab
1143 2942 1252 3015 aliquo

34 3069 36 3076 ’
156 3049 291 3107 librario
315 3050 504 3125 explicandi
528 3050 645 3128 gratia,
675 3065 739 3123 quo
761 3050 858 3108 modo
882 3048 1002 3110 milites
1026 3046 1172 3106 adsiduis
1197 3046 1252 3104 im·

157 3155 272 3215 bribus
295 3155 513 3216 tardarentur.
1314 3148 1317 3154 ’

188 3274 224 3352 b)
249 3273 411 3357 Delphos,
446 3274 576 3339 Thebas
599 3282 630 3340 et
655 3273 909 3349 Orchomenum,
933 3269 1109 3338 tribuci.

263 3403 294 3461 el
318 3401 465 3477 Scaliger
493 3402 617 3462 delevit
646 3409 679 3461 et
712 3418 824 3461 omnes
853 3401 1050 3476 posteriores
1078 3405 1134 3458 aut
1161 3397 1252 3456 omit-

128 3579 131 3584 ,
155 3510 229 3567 tunt
252 3513 308 3566 ant
331 3503 425 3567 uncis
448 3509 631 3580 includunt,
656 3509 717 3569 etsi
741 3509 774 3566 in
798 3508 949 3567 omnibus
971 3506 1141 3566 codicibus
1164 3505 1251 3563 inve·
1363 3573 1366 3580 ,

147 3615 256 3690 nitur.
296 3614 372 3674 Sine
397 3614 498 3674 dubio
513 3615 671 3675 usitatum
687 3613 819 3674 Caesari
840 3630 945 3690 genus
962 3612 1092 3672 dicendi
1109 3612 1252 3687 postulat

156 3726 193 3779 ut
226 3721 257 3779 ei
290 3721 446 3779 deleatur.
504 3721 575 3780 Hoc
608 3722 679 3797 ipso
712 3721 845 3795 quidem
878 3720 995 3795 capite,
1020 3715 1087 3793 51,
1112 3708 1251 3794 legimns

155 3817 300 3902 Aetolia,
325 3818 533 3902 Acarnania,
558 3818 797 3904 Amphilochis.
844 3825 967 3884 Tamen
997 3825 1174 3885 auctoritas
1202 3840 1251 3883 co·

157 3931 267 3990 dicum
300 3933 361 3991 hoc
391 3933 462 3991 loco
490 3935 616 3991 tantum
640 3933 729 3990 valet
751 3931 788 3990 ut
810 3932 951 3990 retinere
976 3931 1007 3990 ei
1029 3931 1128 3990 velim
1153 3937 1185 3988 et
1208 3930 1250 3988 ob

156 4037 382 4097 Boeoticarum
414 4038 546 4098 urbium
578 4039 671 4112 quasi
705 4039 945 4098 foederatarum
976 4055 995 4096 a
1024 4037 1157 4112 Delphis
1189 4036 1251 4094 dis·

265 4289 291 4354 1)
310 4287 435 4361 Madvig
454 4289 507 4360 Op.
527 4289 622 4345 Acad.
641 4289 664 4344 I.
685 4307 712 4362 p.
732 4291 793 4346 333.

264 4375 292 4447 2)
312 4376 355 4433 Oi.
375 4378 515 4450 Dracger
535 4379 571 4433 II.
591 4395 619 4450 p.
639 4380 664 4434 3.
