3138 5202
153 677 256 750 cadat.
292 677 360 738 Iam
385 694 464 738 vero
487 679 578 737 nulla
602 695 637 738 re
653 679 689 737 hi·
703 678 806 738 libelli
822 679 928 755 magis
944 645 1031 738 inter
1047 696 1081 738 sa
1098 680 1246 755 dispares

153 792 227 844 sunt
250 801 348 858 quam
373 785 632 861 copulativarum
654 786 889 860 particularum
913 802 984 857 usu,
1009 766 1246 861 quodquidam

152 908 216 953 non
239 893 357 951 mirum
382 879 440 962 est,
466 909 540 951 nam
562 892 753 966 particulae,
776 891 908 952 humilis
925 893 1082 950 sermonis
1099 895 1246 964 materia,
1348 929 1356 943 ·

153 1006 261 1058 tamen
285 999 444 1073 imprimis
468 999 610 1074 signant,
636 1013 696 1072 pro
719 1005 755 1056 ut
778 999 889 1074 inepte
912 1000 969 1056 aut
992 1005 1067 1073 apte
1089 1016 1247 1074 usurpan-

153 1114 214 1174 tur,
238 1105 421 1180 elegantem
446 1105 625 1165 orationem
650 1111 706 1164 aut
721 1105 939 1163 invenustam.
973 1106 1010 1164 In
1027 1105 1116 1164 Bello
1133 1106 1247 1183 Hispa-

153 1211 257 1268 niensi
280 1217 313 1272 ct
329 1210 419 1270 Bello
436 1211 549 1269 Africo
573 1211 751 1270 maximam
775 1213 901 1286 partem
925 1211 959 1269 id
976 1211 1126 1270 adhiberi
1143 1229 1247 1289 genus

153 1317 295 1392 dicendi,
331 1318 418 1390 quod
452 1332 558 1376 sermo
589 1317 729 1376 rusticus
760 1317 814 1375 vel
843 1317 992 1391 plebeius
1021 1322 1109 1378 recte
1140 1321 1247 1394 appel·

151 1422 246 1498 latur,
282 1424 433 1483 omnibus
468 1433 580 1483 notum
613 1427 671 1482 est.
730 1424 844 1497 Itaque
880 1424 961 1497 nulli
997 1425 1246 1498 admirationem

152 1545 282 1588 movere
316 1536 431 1606 potest,
467 1530 554 1604 quod
590 1529 771 1604 particulae
806 1531 1013 1605 copulativae
1047 1532 1086 1589 et*
1110 1539 1142 1589 et
1174 1547 1246 1610 qua,

152 1635 271 1708 quibus
295 1652 400 1696 sermo
425 1637 573 1710 plebeius
597 1636 740 1694 maxime
762 1635 853 1694 favet
866 1630 900 1709 ¹),
925 1637 1189 1710 frequentissime
1213 1639 1247 1696 in

152 1742 201 1801 bis
229 1742 350 1801 libellis
378 1742 601 1802 inveniuntur.
649 1740 770 1802 Contra
793 1759 832 1801 ea
861 1743 1024 1818 particula
1047 1745 1146 1822 atque
1170 1741 1246 1819 (ac),

151 1865 235 1922 quae
259 1849 452 1924 praesertim
476 1849 635 1908 sernicuis
657 1849 775 1907 urbani
798 1849 931 1923 propria
947 1855 1005 1920 est,
1030 1851 1100 1909 fere
1116 1851 1247 1910 omnino

151 1970 216 2013 non
240 1962 417 2029 usurpatur
440 1955 474 2013 in
491 1954 580 2013 Bello
598 1954 817 2029 Hispaniensi,
841 1955 875 2013 in
899 1971 964 2028 quo
981 1957 1127 2030 profecto
1143 1958 1247 2016 omnis

152 2063 295 2121 varietas
325 2061 554 2138 elegantiaque
586 2063 619 2119 in
651 2061 820 2120 sententiis
849 2064 1060 2122 conserendis
1090 2070 1122 2122 et
1151 2066 1248 2140 parti-

152 2170 235 2228 culis
265 2169 428 2245 eligendis
457 2169 559 2228 deest.
606 2168 729 2228 Adfero
760 2184 912 2228 numeros
942 2169 1001 2229 bos
1035 2172 1248 2246 comparandi

152 2291 267 2335 causa:

435 2368 476 2426 et.
638 2382 709 2446 qua.
858 2367 958 2444 atque
971 2362 1047 2442 (ac).

323 2474 376 2533 Af.
424 2467 489 2532 280
642 2467 706 2532 467
926 2466 988 2531 155

323 2581 364 2640 H.
425 2574 486 2638 148
652 2573 695 2638 82
943 2574 1001 2654 2²)

259 2687 328 2746 Iam
352 2687 430 2746 satis
454 2703 497 2744 ex
521 2686 568 2744 eis
584 2703 668 2762 quae
685 2687 755 2745 dixi
771 2686 981 2745 manifestum
1005 2694 1064 2758 est,
1089 2705 1154 2747 non
1178 2690 1248 2748 sine

152 2808 253 2852 causa
277 2794 360 2851 banc
384 2793 638 2867 disputationem
662 2794 742 2852 fieri.

277 3075 331 3155 H.
370 3074 440 3154 De
469 3073 722 3154 Particulis
753 3072 1048 3174 Oopulativis
1076 3075 1124 3155 in

552 3197 852 3280 Universum.

248 3379 473 3440 ·Grammatioi
497 3380 605 3439 Latini
617 3376 641 3454 ³)
669 3381 788 3440 docent
815 3382 863 3440 ita
891 3383 978 3441 inter
1008 3399 1043 3442 se
1070 3383 1248 3459 particulas

152 3489 193 3564 ct,
211 3503 283 3566 que,
307 3489 405 3566 atquc
419 3483 484 3564 (ac)
501 3487 643 3558 differre,
667 3490 703 3547 ut
720 3488 751 3546 et
767 3488 945 3565 coniungat
962 3489 1163 3565 simpliciter,
1187 3506 1248 3568 quc

152 3595 313 3670 adiungat
329 3593 527 3663 accessione,
552 3595 650 3672 atque
664 3589 729 3669 (ac)
746 3595 897 3671 iniungat
913 3597 1115 3669 aequatione.
1147 3598 1249 3657 Recta

107 3685 110 3692 ’
152 3710 203 3759 est
226 3702 307 3760 haec
331 3703 384 3760 lex
409 3703 441 3760 in
466 3703 668 3778 universum,
692 3701 750 3760 sed
774 3703 904 3776 reipsa
927 3709 1018 3760 tanta
1042 3709 1091 3761 est
1106 3704 1249 3761 varietas

151 3886 1247 3943 3220.1:21.1:24.2·:ao.b:26.8:30.1:32.3:35.1:39.

152 3977 887 4032 1:52.5:61.8=70.2:71:luczane

262 4067 287 4133 1)
307 4065 351 4121 ct.
366 4065 551 4136 Segebades‚
571 4065 694 4120 Observ.
709 4064 810 4120 Gram.
824 4067 854 4120 in
868 4065 1053 4133 Petronium,
1073 4064 1159 4119 Halle
1170 4065 1248 4133 1880,

152 4173 180 4226 p.
201 4155 245 4210 32.
282 4155 387 4225 Reisig
406 4153 458 4208 ΙΙΙ.
479 4171 508 4224 p.
522 4154 582 4208 195.

260 4243 288 4310 2)
308 4243 343 4296 Η.
364 4243 407 4296 13.
425 4243 442 4297 5
462 4260 469 4297 :
488 4243 531 4296 41.
551 4243 575 4296 5.
617 4241 686 4297 Duo
706 4242 756 4296 alii
776 4244 833 4297 loci
862 4242 914 4311 [23.
934 4241 951 4295 5
971 4260 978 4295 z
997 4242 1040 4296 41.
1061 4241 1087 4310 b]
1116 4243 1250 4296 incertis·

152 4348 221 4386 Slml
240 4334 352 4487 &dimili
372 4418 462 4472 Hand
481 4418 519 4473 11.
538 4435 566 4490 p.
585 4419 652 4487 4673
671 4418 792 4489 Zumpt:
811 4417 912 4474 (iram.¹
931 4415 997 4470 Lat.
1018 4421 1033 4480 ξ
1052 4415 1113 4471 333.
