3138 5202
793 494 824 508 —-
863 464 935 522 vm
973 496 1004 508 -·

1394 583 1449 626 1³83·

518 658 542 697 c.
565 641 625 706 Quo
645 645 675 698 in
696 647 844 700 enuntiati
864 646 948 700 exitu
967 685 1375 700 ..........
1416 648 1449 699 35

514 732 541 786 d.
563 732 624 796 Qua
643 733 673 786 in
693 734 820 788 membri
840 735 924 788 exitu
967 774 1376 788 ..........
1415 735 1449 788 36

516 836 540 874 e.
562 820 624 883 Quo
643 822 792 890 particula
812 823 842 876 in
863 823 1026 877 verborum
1046 837 1126 892 quae
1149 823 1179 876 in
1206 823 1334 876 litteram
1358 827 1376 876 5

487 983 490 986 Δ
563 908 704 963 desinunt
723 912 809 966 exitu
833 949 1377 965 .............
1415 911 1448 964 37

521 996 541 1051 f.
563 995 624 1059 Que
644 998 813 1067 particulae
826 999 953 1053 vocibus
973 999 1104 1068 plurium
1125 1013 1215 1067 quam
1231 1003 1377 1066 quattuor

562 1085 747 1155 syllabarum
767 1087 923 1142 adiunctio
967 1125 1376 1141 ..........
1415 1089 1450 1140 40

446 1172 472 1226 2.
491 1173 538 1226 De
558 1174 725 1243 particulae
744 1191 802 1246 que
822 1176 1013 1230 substantIva
1033 1176 1246 1246 coniungenda
1264 1190 1322 1228 usu
1368 1216 1374 1229 .
1414 1176 1448 1227 41

514 1277 541 1316 a.
561 1261 656 1316 Binae
675 1265 813 1318 notiones
831 1301 1376 1318 .............
1414 1264 1448 1316 41

513 1349 541 1403 b.
561 1348 681 1404 Ternae
700 1351 749 1405 vel
768 1351 870 1421 plures
888 1353 1028 1406 notiones
1053 1390 1283 1406 ......
1322 1365 1329 1379 ·
1368 1391 1375 1405 .
1414 1351 1449 1404 43

444 1438 470 1491 3.
491 1437 537 1492 De
557 1439 727 1507 particulae
745 1454 803 1508 que
822 1440 973 1495 adiectiva
994 1441 1207 1510 coniungentie
1227 1453 1285 1494 usa
1321 1479 1327 1494 .
1368 1481 1374 1493 .
1413 1441 1449 1492 44

444 1527 470 1580 4.
491 1526 537 1580 De
556 1529 724 1603 particulae
744 1543 802 1598 que
821 1543 889 1583 cum
910 1530 1141 1603 pronomInibus
1160 1544 1239 1588 usa.
1277 1569 1284 1582 .
1323 1568 1329 1583 .
1369 1569 1375 1581 .
1413 1529 1449 1580 44

513 1631 539 1669 a.
559 1615 733 1672 Personalia
784 1656 1375 1672 ..............
1412 1617 1449 1669 45

510 1705 540 1758 5.
559 1704 735 1760 Possessiva
784 1745 1375 1761 ..............
1413 1706 1449 1757 46

513 1807 538 1846 c.
559 1792 805 1847 Demonstrativa
830 1831 1374 1849 .............
1413 1794 1449 1846 46

511 1881 538 1934 d.
558 1880 696 1935 Relativa
740 1921 1373 1936 ...............
1411 1883 1448 1934 47

441 1969 466 2023 5.
488 1967 533 2023 De
552 1971 720 2040 particulae
740 1985 797 2042 que
816 1985 884 2026 cnm
906 1971 1171 2025 coniunctionibus
1190 1984 1282 2024 asu.
1320 2010 1327 2023 .
1366 2009 1373 2023 .
1413 1971 1449 2023 48

441 2057 466 2111 6.
487 2057 640 2111 Particnla
659 2073 716 2128 que
736 2059 890 2134 etlligura
915 2060 1072 2130 anaphora
1097 2074 1177 2128 quae
1201 2058 1373 2130 appellatur
1412 2059 1450 2110 50

423 2148 466 2218 Ι7.
488 2144 550 2208 Que
569 2145 785 2214 eprIcativum
828 2184 1372 2201 .............
1412 2146 1450 2200 50

441 2235 466 2288 8.
489 2233 550 2295 Quo
569 2234 797 2288 adversativum
828 2273 1371 2290 .............
1412 2236 1448 2287 51

362 2321 409 2376 Vl.
432 2320 564 2384 ATQVE
584 2321 657 2390 (Ac)
690 2361 1371 2378 ................
1411 2323 1450 2376 52

442 2411 466 2463 1.
486 2409 533 2462 De
552 2409 719 2479 particulae
738 2412 829 2480 atque
849 2410 906 2478 (acl
928 2411 1135 2466 conlocatione
1186 2450 1371 2464 .....
1411 2412 1450 2464 50

440 2497 465 2550 2.
486 2497 545 2550 Per
565 2499 655 2566 atque
674 2500 732 2560 (oo)
752 2499 864 2552 similes
885 2499 1023 2552 notiones
1043 2499 1273 2568 coniunguntur
1318 2537 1324 2550 .
1364 2537 1370 2550 .
1410 2499 1450 2552 55

441 2587 468 2639 3.
487 2585 545 2639 Per
564 2589 654 2655 atque
674 2586 731 2653 (oc)
752 2588 921 2641 contrariae
940 2589 1080 2642 notiones
1099 2588 1327 2656 coniunguntur
1363 2623 1370 2634 .
1411 2587 1450 2640 55

440 2675 465 2726 4.
487 2673 544 2727 Per
563 2675 653 2743 alque
672 2675 730 2742 (ao)
754 2675 838 2729 notio
865 2675 1017 2744 generalis
1043 2675 1168 2746 speciali
1193 2674 1314 2728 additur
1340 2681 1370 2727 et

486 2763 553 2816 vice
572 2777 660 2816 versa
694 2800 1370 2818 ................
1410 2763 1451 2817 56

443 2851 468 2904 5.
489 2849 645 2914 Quomodo
666 2851 760 2905 verba
780 2856 1002 2920 componantur
1051 2889 1370 2906 ........
1410 2853 1450 2905 56

441 2939 466 2992 6.
486 2939 581 3008 Atque
601 2939 817 3010 explicativum
872 2975 1370 2994 ............
1410 2938 1450 2992 59

441 3027 466 3080 i.
486 3027 582 3096 Atque
602 3029 841 3082 asseverativum
870 3065 1369 3081 ............
1410 3028 1451 3081 60

441 3114 466 3168 8.
485 3115 543 3170 Per
562 3118 652 3190 alque
671 3117 731 3182 (oo)
751 3116 932 3187 particulam
953 3116 1088 3170 transilio
1108 3115 1141 3168 fit.
1182 3151 1369 3169 .....
1410 3115 1452 3168 60
1487 3115 1488 3174 l

440 3202 466 3256 9.
485 3203 581 3280 Atque
602 3205 683 3257 valet
702 3205 728 3256 et
748 3205 821 3270 lum,
842 3205 869 3256 et
888 3200 1000 3268 statim,
1020 3205 1047 3256 et
1065 3201 1109 3256 ito
1138 3241 1368 3257 ......
1411 3205 1450 3256 61
1487 3175 1488 3258 l

423 3290 466 3346 10.
485 3290 582 3359 Atque
602 3291 843 3360 comparativum
869 3329 1369 3346 ............
1411 3293 1452 3345 62
