3138 5202
734 443 910 520 ..ως

275 641 513 720 disyllaborum
537 644 814 722 praepositionum
838 661 912 706 oum
938 660 1009 724 que,
1036 643 1227 721 praesertim
1251 641 1278 704 si
1304 657 1377 704 oue·

274 751 349 810 dem
380 766 516 811 munere
549 752 781 813 adverbiorum
816 752 1010 830 funguntur.
1045 752 1080 810 id
1115 752 1203 826 quod
1236 755 1376 826 apparet

274 874 317 917 ex
345 872 463 916 norem
497 858 596 918 loeis:
633 853 823 938 circumque
847 853 933 935 (tor),
971 859 1161 938 contraque,
1199 859 1374 936 eetroque,

274 958 438 1042 iuocthue
459 959 548 1039 (bis),
572 978 743 1044 supraque
758 959 845 1040 (bis).
931 1009 934 1014 <

384 1066 553 1146 Ringius1)
581 1071 679 1146 piaue
702 1077 799 1139 errat,
829 1078 991 1146 quatenus
1015 1072 1173 1132 rationem
1198 1071 1271 1131 ou'm
1295 1067 1374 1129 an-

275 1191 349 1236 sare
377 1177 485 1247 habat,
522 1177 636 1237 diceus
659 1191 788 1252 semper
812 1177 986 1254 disyllabis
1019 1178 1054 1238 in
1082 1179 1224 1239 litteram
1247 1181 1268 1234 o
1290 1175 1375 1234 desi·

275 1284 428 1344 uentibus
461 1283 760 1360 praepositionibus
792 1298 855 1361 que
878 1283 1074 1359 particulam
1097 1284 1194 1355 edici,
1228 1284 1373 1356 itemque

275 1391 406 1462 talibus,
435 1391 581 1466 qualium
605 1390 735 1465 syllaba
757 1390 876 1450 ultime
897 1391 1091 1466 positionem
1116 1389 1259 1467 accipiat
1281 1403 1374 1446 acee-

276 1498 373 1558 dente
406 1491 610 1573 particulai).
656 1495 739 1557 Nam
772 1495 893 1557 Caesar
926 1496 1042 1558 scribit
1075 1513 1149 1556 eum
1181 1496 1373 1574 contraque,

275 1599 475 1684 circumque,
499 1609 567 1662 tum
592 1603 622 1662 ei
646 1597 773 1664 circum
795 1599 840 1676 (1.
861 1594 910 1661 18.
928 1596 973 1678 6),
999 1618 1038 1662 ac
1051 1603 1170 1664 contro
1192 1598 1237 1677 (1.
1255 1595 1308 1660 44.
1326 1593 1373 1673 3),

276 1710 363 1770 idam
387 1724 548 1786 nusquam
572 1704 732 1790 interque,
752 1710 965 1789 praeterque,
984 1711 1201 1791 propterque,
1226 1707 1287 1767 sed
1300 1705 1374 1766 ubi-

260 1825 339 1891 que
372 1818 471 1896 atque
502 1811 602 1893 iuter,
637 1815 668 1876 ei
694 1817 846 1894 praeter,
883 1817 914 1876 ei
941 1818 1098 1896 propter.
1157 1814 1302 1874 Accedat
1335 1817 1376 1871 ut

276 1924 361 1983 inter
384 1939 497 1982 omnes
520 1923 695 1982 conveniat
711 1919 882 1982 Caesarem
906 1929 940 1982 at
960 1923 1103 1997 reliquos
1131 1923 1269 1998 optimos
1296 1919 1375 1980 sori-

276 2036 386 2106 ptores
411 2045 588 2106 numquam
615 2025 664 2108 ob,
705 2023 792 2106 διώ,-
817 2024 921 2109 apud,
956 2045 1031 2089 raro
1066 2023 1107 2088 ab
1141 2025 1375 2104 praepositioni

278 2136 410 2196 adicere
433 2151 505 2216 que.

382 2243 496 2304 Restat
521 2249 557 2302 ut
578 2244 813 2319 ‚supplementa
836 2241 985 2305 Caesaris
1013 2242 1237 2318 inspiciamus.
1283 2241 1376 2300 Haec

276 2349 408 2426 quidem
441 2349 573 2410 easdem
605 2350 675 2410 iera
707 2350 798 2428 leges
832 2349 1020 2408 observant.
1074 2347 1192 2408 Pieros
1221 2364 1376 2410 numeros

277 2456 430 2532 locosque
455 2456 579 2518 adfero.

525 2619 558 2695 a)
581 2620 873 2696 Praepositio
901 2622 1124 2697 Repetite.

383 2759 405 2803 o
421 2738 488 2818 (ob)
503 2786 510 2803 .
525 2786 532 2802 .
550 2744 581 2802 et
597 2759 619 2802 o
636 2740 713 2822 (ab),
738 2744 791 2805 Af.
815 2739 868 2804 20.
890 2742 918 2805 1.

383 2861 591 2938 od..eied,
615 2861 980 2930 A.59.2:Af.59.5.

382 2985 424 3050 de
438 3031 445 3050 .
460 3032 468 3050 .
485 2991 516 3052 ei
532 2986 583 3068 oie,
607 2992 661 3051 Af.
678 2987 708 3050 2.
725 2986 757 3051 3.

382 3091 592 3175 de..ocde,
616 3099 654 3160 A.
673 3093 726 3158 16.
744 3094 775 3160 2.

383 3236 427 3281 eor
439 3263 469 3281 ..
486 3223 517 3283 ei
533 3236 587 3299 eoo,
611 3222 650 3281 Α.
670 3216 721 3281 19.
738 3216 770 3282 6.
787 3219 875 3300 (bis).

299 3396 301 3401 Ι
383 3343 426 3387 ero
439 3369 447 3385 .
462 3329 585 3407 ..atque
602 3343 657 3407 coc,
671 3328 734 3403 Af.
751 3323 805 3389 69.
825 3327 854 3391 1.
886 3346 887 3352 “

341 3502 345 3509 .
382 3445 574 3528 ire..etirt‚
599 3445 941 3514 Δ1.8.1’;Η.42.3.

383 3554 420 3616 iu
433 3600 441 3616 .
456 3599 463 3615 .
481 3558 579 3637 atque
601 3552 648 3635 iu,
672 3558 757 3618 Hirt.
775 3553 807 3616 5.
825 3554 857 3619 2.

383 3676 514 3741 iuter..
532 3682 563 3740 et
578 3675 677 3752 iuter,
701 3681 742 3742 H.
759 3677 812 3742 34.
835 3679 863 3743 1.

377 3819 446 3882 pro
461 3845 467 3860 .
484 3846 491 3863 .
509 3805 540 3864 et
550 3819 628 3884 pre,
648 3806 706 3865 Af.
724 3800 776 3866 89.
793 3801 824 3866 5.

384 3923 445 3988 rub
459 3969 467 3988 .
481 3971 489 3988 .
505 3944 547 3989 cc
562 3925 632 4009 sub,
656 3931 708 3990 Af.
729 3926 781 3991 75.
798 3925 831 3993 3.
879 4017 881 4024 s

283 4045 496 4058 ————

386 4113 400 4166 1
456 4111 523 4169 ,21

384 4116 413 4268 23
431 4129 507 4256 fiam
535 4217 695 4274 perperam
720 4195 1071 4288 Gildcrslccue-Lodge,
1101 4210 1190 4268 Latin
1216 4209 1381 4270 Grammar

279 4285 356 4432 ΞΗ.
376 4288 450 4436 (ἓοὲὶς
470 4283 646 4362 Draegarus
665 4294 702 4349 Il.
723 4296 812 4360 3314.
829 4297 859 4366 15
878 4297 1134 4372 Krebs·Sohmalz‚
1153 4304 1381 4372 Autiburbarus

310 4418 316 4433 .
336 4393 364 4452 p.
437 4417 444 4436 .
872 4399 875 4406 ·
1314 4391 1317 4400 '
1381 4395 1383 4399 '
