3138 5202
258 661 352 740 Quod
376 665 492 724 attinet
516 665 560 724 ad
582 671 688 742 genus
703 665 869 736 orationis,
894 666 980 726 inter
1003 663 1149 744 omnes¹)
1174 684 1248 727 eon·

150 775 216 826 stat
240 771 328 844 apud
352 771 523 830 historicos
543 773 628 831 inter
644 773 822 847 particulas
839 775 869 832 01
885 781 996 852 etque
1012 791 1076 834 non
1092 791 1246 851 magnum

150 877 279 935 numeri
313 877 490 937 discrimen
524 879 746 950 intercedere,
786 879 845 938 sed
880 896 993 939 earum
1028 880 1247 954 frequentiam

150 983 253 1041 multo
285 984 441 1043 maiorem
475 1001 546 1044 esse
573 1002 677 1059 quam
707 985 944 1045 coniunctionis
973 986 1081 1065 alque.
1128 985 1248 1046 Contra

150 1102 190 1143 ea
206 1088 294 1162 apud
311 1096 467 1166 oratores,
492 1085 612 1165 quibus
632 1085 685 1150 'est
703 1080 822 1152 natura
837 1091 1056 1151 redundantia
1071 1092 1247 1150 verborum

150 1191 255 1251 maior
277 1196 310 1252 et
333 1195 510 1269 superlatio
534 1197 706 1272 quaedam,
738 1199 901 1272 particula
924 1193 1098 1278 01100010)
1121 1204 1247 1256 ceteras

87 1365 90 1370 .
149 1298 329 1371 particulas
352 1316 487 1360 numero
511 1319 615 1376 paene
638 1311 757 1378 aequat
781 1312 813 1362 et
834 1319 1076 1378 nonnumquam
1093 1303 1140 1362 eis
1156 1318 1247 1377 prae·

148 1404 248 1463 valet.
294 1407 446 1483 Exempli
470 1410 577 1485 gratia
604 1425 758 1470 numeros
787 1411 912 1486 adfero,
948 1427 1028 1486 quos
1052 1409 1190 1486 Ringius
1214 1413 1246 1468 et

148 1509 314 1572 Mertenus
338 1515 562 1592 conlegerunt.
685 1507 687 1510 ’

699 1608 731 1684 el
871 1623 933 1686 que
1023 1601 1199 1686 alque(ae)

237 1705 368 1768 Curtius
391 1709 475 1770 Hist.
499 1711 525 1770 1.
549 1713 591 1771 II.
677 1706 744 1773 410
874 1707 940 1772 350
1093 1705 1135 1772 15

238 1811 317 1872 0110
340 1813 388 1874 De
411 1815 503 1893 Agri.
560 1839 563 1846 ·
676 1813 743 1879 510
873 1815 940 1879 202
1113 1811 1135 1877 5

238 1917 317 1978 0010
341 1918 512 1982 Orationes
701 1920 744 1984 24
899 1922 940 1984 14
1093 1918 1135 1983 76

238 2023 304 2085 Cio.
328 2026 391 2087 Pro
413 2028 495 2106 Imp.
519 2030 632 2108 Pomp.
681 2027 744 2090 124
896 2026 939 2092 69
1072 2024 1134 2089 133

147 2129 261 2204 Neque
278 2131 426 2193 Caesaris
443 2153 504 2196 nee
520 2137 933 2198 Pseudo-Caesarianorum
949 2138 1145 2213 scriptorum
1162 2153 1247 2196 eom·

147 2238 299 2297 menterii
323 2255 397 2299 eum
421 2242 483 2301 hae
507 2244 736 2304 observatione
757 2253 915 2322 pugnant.
1034 2260 1036 2264 ·

373 2335 374 2338 '
694 2352 725 2410 el
866 2366 928 2430 que
1019 2351 1117 2427 atque
1131 2343 1196 2424 (ac)

237 2448 329 2509 Caes.
353 2450 432 2510 Bell.
449 2449 532 2513 Gall.
681 2449 746 2515 908
878 2449 942 2515 880
1073 2447 1139 2512 619

280 2601 296 2636 „
357 2557 437 2617 Bell.
453 2557 522 2619 (liv.
681 2555 747 2621 654
878 2556 943 2620 830
1073 2553 1139 2618 459

237 2663 321 2722 Hirt.
354 2664 434 2723 Bell.
450 2663 534 2725 Gall.
547 2667 634 2727 VIII.
705 2661 747 2727 15
880 2661 943 2727 125
1095 2659 1138 2724 59

276 2793 279 2798 ·
352 2770 432 2830 Bell.
446 2771 540 2832 Alex.
681 2769 746 2833 208
877 2767 942 2832 252
1075 2766 1139 2830 114

254 2874 342 2949 Loei,
367 2876 423 2950 qui
447 2877 480 2937 in
504 2879 594 2938 Bello
619 2881 730 2939 Afrieo
754 2886 787 2940 et
809 2881 900 2940 Bello
923 2878 1133 2955 Hispaniensi
1157 2879 1246 2937 inve·

147 2983 293 3053 niuntur,
317 2983 406 3043 idem
429 2992 562 3044 monent
575 2981 610 3061 ²).

145 3282 225 3362 III.
281 3282 351 3363 De
379 3283 548 3364 harum
576 3283 916 3384 particularum
944 3284 992 3364 in
1020 3283 1165 3364 certis
1194 3285 1244 3364 et

304 3407 610 3490 sollemnibus
638 3408 960 3524 locutionibus
987 3430 1090 3490 usu.

253 3586 302 3644 Ne
325 3588 359 3645 in
382 3587 481 3646 eertis
504 3587 636 3661 quidem
661 3594 693 3646 et
716 3588 928 3648 sollemnibus
952 3587 1171 3648 locutionibus
1187 3587 1244 3646 La-

146 3691 208 3750 tini
233 3693 408 3768 scriptores
432 3693 507 3752 fixis
531 3694 688 3753 cancellis
707 3694 946 3769 eireumseripti
963 3699 1048 3764 sunt,
1072 3702 1110 3753 ut
1125 3710 1145 3751 a
1161 3710 1243 3754 eom·

146 3799 295 3873 pluribus
326 3794 468 3873 (1001113)
499 3806 548 3858 est
578 3800 748 3860 monitum.
795 3799 839 3860 Ut
868 3816 990 3875 paueos
1020 3817 1063 3860 ex
1095 3801 1244 3876 plurimis

145 3904 227 3962 loeis
250 3920 510 3976 commemorent,
534 3906 689 3983 legimus:

255 4048 282 4115 1)
301 4047 344 4104 01.
365 4048 504 4118 Draeger
522 4047 561 4102 II.
581 4063 609 4117 p.
622 4048 672 4118 343
696 4049 796 4119 Ringe
814 4066 842 4118 p.
856 4050 887 4117 13
911 4049 1027 4106 Merten
1046 4067 1074 4120 p.
1093 4051 1124 4120 43
1143 4050 1244 4104 Klam-

145 4151 212 4190 mer
230 4152 258 4206 p.
279 4137 303 4190 1.

252 4223 421 4294 ffiupd

252 4312 282 4379 3)
301 4312 344 4367 01.
363 4311 462 4367 Ballas
482 4329 509 4384 p.
531 4313 576 4385 183
609 4314 763 4371 Klammer
783 4332 811 4386 p.
832 4316 864 4369 14
885 4333 981 4386 seqq.;
1013 4315 1127 4371 Merten
1148 4332 1176 4387 p.
1195 4315 1243 4387 303

145 4399 286 4472 Draeger
304 4401 341 4456 II.
361 4417 389 4473 p.
408 4401 445 4456 lo
462 4418 543 4474 seqq.
563 4408 594 4458 et
613 4420 641 4475 p.
660 4405 696 4464 66
715 4419 797 4476 seqq.
