3138 5202
680 497 856 555 ..37-

216 687 290 752 stat,
315 680 420 742 tribus
443 685 569 742 tantum
593 683 674 742 locis
695 682 869 744 relativum
885 689 942 743 aut
957 681 1200 744 subiunctivum
1217 698 1313 743 mem·

216 790 311 850 brum
341 791 475 866 exeipit,
511 797 543 851 et
570 792 688 867 reliqui
716 793 781 852 loci
796 787 819 866 ¹)
848 807 983 852 numero
1011 791 1080 850 fere
1103 806 1200 866 pares
1223 790 1313 850 Belle

216 896 342 958 Gallice
365 900 468 959 multo
495 901 650 960 maiorem
670 900 912 977 neglegentiam
936 899 1227 972 diversitatemque
1250 914 1313 956 ser

215 1006 320 1066 monis
352 1008 536 1066 ostendunt.
592 1007 735 1084 Dignum
763 1013 813 1066 est
841 1011 1022 1066 memoratu
1053 1021 1115 1064 nec
1147 1009 1312 1064 auctorem

216 1113 298 1173 Belli
322 1113 548 1190 Hispaniensis
571 1131 632 1174 nec
648 1114 800 1191 Hirtium,
825 1114 859 1172 ni
883 1113 988 1182 fallor,
1013 1126 1168 1185 umquam
1192 1126 1313 1185 ponere

215 1236 277 1300 que
300 1222 334 1283 in
358 1221 518 1282 enuntiati
541 1227 598 1281 aut
621 1222 750 1282 articuli
774 1221 874 1283 exitu.

231 1427 259 1468 e.
288 1403 371 1480 Qua
394 1412 600 1486 particula
623 1411 663 1470 in
686 1411 896 1470 verborum
920 1426 1023 1485 quae
1046 1409 1085 1468 in
1108 1411 1290 1470 litteram

575 1518 594 1576 e
618 1518 809 1578 desinunt
832 1517 954 1577 exitu.

323 1637 383 1697 His
406 1639 501 1698 annis
523 1644 633 1700 utrum
653 1655 715 1719 quc
731 1640 869 1699 vocibus
893 1640 927 1699 in
951 1653 968 1698 a
991 1638 1092 1698 breve
1117 1637 1314 1697 exeuntibus

215 1743 395 1819 adiungere
405 1744 626 1823 Hecataeone,
637 1762 657 1804 a
667 1745 777 1805 multis
790 1745 895 1804 doctis
907 1745 1035 1820 plenius
1045 1750 1094 1803 est
1101 1738 1312 1818 disputatum.

216 1847 391 1922 Quaeritur
416 1851 610 1911 omnibusne
637 1851 688 1910 his
717 1849 1007 1926 compositionibus
1036 1849 1112 1909 boni
1137 1850 1313 1925 scriptores

215 1954 433 2018 abstinuerint
456 1973 498 2015 an
522 1958 591 2016 sola
614 1957 846 2034 compositione
870 1971 932 2036 qao
959 1954 1140 2032 particulae
1164 1971 1246 2015 cum*
1266 1955 1313 2014 in·

215 2051 342 2120 finitive
372 2063 553 2136 praesentIs
585 2063 695 2122 activi.
742 2063 780 2122 In
805 2063 943 2123 vetustis
971 2061 1240 2138 inscriptionibus
1263 2061 1313 2120 ΕΙ·

194 2161 363 2241 .me1us³)
391 2169 533 2228 ostendit
561 2170 711 2244 copulam
743 2183 805 2247 que
839 2168 990 2227 omnibus
1017 2166 1108 2236 locis,
1144 2166 1263 2240 quibus
1296 2181 1313 2226 a

215 2272 309 2331 brevi
332 2273 506 2346 adimatur,
530 2276 690 2336 infinitivo
714 2276 814 2335 activi
838 2275 970 2352 generis
985 2273 1174 2332 adhaerere.
1208 2272 1311 2347 Quam

215 2376 257 2436 ob
290 2391 359 2436 rem
391 2379 497 2438 credit
525 2396 541 2440 e
570 2381 667 2441 finale
694 2381 790 2442 huius
815 2378 1053 2441 terminationis
1076 2377 1313 2453 antiquissimis

215 2483 348 2559 linguae
364 2486 564 2560 temporibus
580 2488 714 2565 longum
730 2488 842 2557 fuisse,
858 2487 953 2548 cuius
969 2485 1017 2545 rei
1034 2500 1104 2548 esse
1120 2494 1312 2561 argumento

215 2588 304 2662 quod
327 2589 577 2666 apud'Piautum
601 2597 668 2654 tres
680 2586 707 2673 4)
724 2594 884 2654 eiusmodi
899 2593 964 2653 loci
979 2592 1199 2663 inveniantur,
1224 2590 1313 2666 apud

215 2693 405 2757 Terentium
428 2713 513 2758 unus
538 2700 635 2760 solus.
681 2702 725 2760 At
747 2701 826 2760 mihi
850 2701 983 2776 quidem
1000 2715 1064 2758 nou
1082 2699 1313 2758 documentum

215 2801 333 2878 longae
365 2805 556 2878 quantitatis
592 2807 731 2878 videtur,
768 2808 826 2867 sed
855 2808 964 2882 potius
998 2805 1160 2865 libertatis
1195 2810 1313 2864 natura

215 2907 334 2968 insitae
357 2926 420 2988 quc
435 2910 626 2985 particulae,
650 2928 734 2986 quae
750 2913 941 2988 antiquitus,
964 2915 1001 2973 ut
1018 2912 1217 2988 dictumest,
1242 2911 1311 2970 sine

216 3014 404 3075 discrimine
428 3017 460 3075 in
485 3018 630 3078 cuiusvis
651 3018 782 3096 generis
807 3019 967 3080 iuncturis
993 3017 1222 3077 adhibebatur.
1259 3018 1312 3076 At·

215 3136 279 3193 que
302 3121 452 3184 Illmerus
480 3139 515 3183 se
543 3125 649 3200 ipsum
679 3126 852 3185 confltetur
880 3125 1005 3184 nullum
1029 3123 1119 3184 aliud
1142 3124 1176 3182 in
1199 3123 1312 3182 inscri-

215 3225 381 3298 ptionibus
414 3231 601 3305 exemplum
636 3231 730 3301 seire,
764 3248 828 3307 quo
860 3247 922 3310 quc
951 3232 969 3290 ἒ
1002 3229 1096 3290 iinali
1124 3229 1311 3300 adhaereat,

214 3333 292 3404 quia
315 3333 358 3391 ab
378 3333 471 3394 initio
488 3337 622 3415 longum
637 3338 746 3415 fuerit,
770 3339 804 3398 id
820 3338 909 3412 quod
925 3342 995 3396 erat
1011 3333 1311 3404 demonstrandum,

213 3448 250 3496 ut
273 3439 313 3497 de
337 3439 499 3501 infinitivo
526 3443 619 3503 fieret
647 3445 835 3504 credibile.
861 3444 988 3504 Deinde
1015 3440 1252 3517 inscriptiones,
1277 3439 1312 3499 in

214 3545 334 3618 quibus
357 3548 438 3607 hace
460 3550 623 3628 leguntur,
648 3552 796 3628 plurimis
820 3553 914 3611 annis
938 3557 1011 3628 post
1033 3541 1216 3609 litterarum
1228 3546 1311 3605 Lati·

214 3668 330 3713 narum
354 3655 542 3729 primordia,
567 3658 794 3733 antiquissima
817 3675 846 3716 a.
864 3651 929 3717 632
953 3673 984 3717 u.
1002 3667 1041 3734 c.,
1066 3655 1151 3716 duae
1175 3653 1311 3714 novissi·

322 3880 1273 3953 buscemae.2241.3=47.6254.1357.e:93.2.

320 3970 348 4038 2)
368 3969 411 4025 Of.
431 3970 558 4042 Harant,
577 3972 681 4027 Revue
701 3974 739 4027 de
759 3973 832 4027 Phil.
851 3971 900 4028 IV.
915 3973 1003 4042 p253
1023 3972 1162 4040 Thomas,
1185 3969 1310 4036 ibidem,

214 4056 291 4125 1884,
320 4058 435 4128 p..132;
467 4061 593 4130 Dosson,
621 4061 742 4128 ibidem,
771 4061 849 4130 1890,
877 4077 906 4131 p.
925 4059 974 4130 553
1008 4061 1115 4129 Elmer,
1147 4058 1310 4114 American

213 4144 342 4207 Journal
361 4148 396 4201 of
410 4147 485 4203 Phil.
504 4148 583 4204 VIII.
603 4165 631 4219 p.
650 4149 711 4206 299.
785 4159 786 4162 ’

320 4234 347 4300 3)
367 4251 395 4305 p.
414 4235 475 4290 300.

319 4322 348 4391 4)
367 4324 501 4380 Elmerus
521 4326 593 4381 dicit
613 4331 765 4396 quattuor,
785 4325 837 4381 sed
855 4325 947 4382 Poen.
959 4325 1037 4381 Prol.
1050 4326 1077 4396 3,
1096 4340 1185 4399 quem
1205 4326 1304 4381 locum

213 4409 322 4482 adfert,
339 4428 404 4469 rem
421 4429 484 4472 non
503 4416 634 4488 attingit.
703 4461 707 4470 .
