3138 5202
756 489 933 544 ...20-

401 661 495 731 Haeo
540 665 654 731 eodem
696 673 844 751 tempore
889 661 1028 732 Caesari
1070 663 1234 730 mandata
1272 661 1396 748 refere-

295 772 431 854 bantar,
466 778 497 837 et
521 771 623 859 leonti
655 773 697 837 ab
722 773 876 838 Haeduis
911 779 944 837 et
972 793 994 836 a
1023 772 1176 836 Treveris
1209 772 1395 836 veniebant.

297 878 447 943 1.37.12
472 876 1395 944 am.2.24.12t.83.8=1.50.3=1.62.3=111.6s.1=

294 991 336 1050 H.
352 985 407 1050 20.
423 986 445 1049 4
462 1012 470 1050 ε
489 991 526 1049 Α.
543 984 596 1048 29.
613 985 644 1075 4.
680 985 762 1064 (Nee
783 991 912 1050 silentio
935 990 1210 1065 praetereundum
1234 994 1285 1048 ost
1308 988 1396 1064 apud

295 1099 353 1158 hos
377 1098 553 1172 scriptores
576 1099 649 1171 post
673 1091 786 1156 'eodem
809 1097 957 1176 tempore
980 1096 1014 1154 in
1033 1095 1274 1171 eomparatione
1298 1097 1396 1173 atque

295 1199 361 1278 (ao)
384 1204 461 1280 poni
485 1198 671 1278 nusquam.)
712 1201 878 1262 simillimi
903 1207 978 1262 sunt
1001 1201 1133 1277 plurimi
1157 1201 1220 1260 loei
1243 1200 1300 1260 ubi
1324 1207 1397 1276 post

295 1311 491 1369 adverbium
514 1303 616 1368 simsd
639 1309 759 1383 copiis
783 1309 814 1368 et
837 1309 978 1384 ponitur,
1007 1325 1036 1366 e.
1060 1323 1092 1385 g.
1116 1302 1217 1367 mmai
1242 1303 1284 1366 de
1307 1301 1396 1366 osai·

295 1412 384 1477 tione
409 1431 523 1476 eoram
547 1411 666 1494 ayebat
685 1415 716 1473 et
737 1408 1001 1474 incolumitatem
1018 1409 1142 1474 asana
1158 1407 1396 1493 pollicebatur,

295 1516 476 1581 111.28.2.

403 1623 607 1708 Pompeias.
626 1670 634 1686 .
650 1622 789 1688 dinerat
819 1621 932 1687 eodem
959 1630 994 1686 'se
1023 1621 1217 1686 habituram
1245 1620 1315 1686 loco
1338 1621 1397 1704 qai

295 1730 425 1794 Romae
446 1730 685 1795 remansissent
709 1736 740 1794 et
763 1729 820 1813 qai
848 1729 1030 1794 incastris
1055 1725 1212 1794 Caesaris
1238 1727 1395 1812 fuissent.

295 1841 320 1900 I.
338 1835 390 1900 33.
408 1835 440 1900 2.

401 1948 477 2007 Post
500 1942 600 2025 alias,
636 1942 737 2007 aliter
765 1948 891 2007 nullum
915 1947 1098 2022 partioulse
1122 1948 1153 2006 et
1176 1947 1242 2006 vim
1268 1962 1396 2020 eompa-

295 2055 435 2114 rativam
454 2054 611 2114 'habentis
634 2054 822 2131 exemplum
847 2054 1046 2129 suppeditat.

460 2301 496 2367 6.
544 2303 582 2365 et
606 2300 720 2367 valet
743 2305 782 2364 et
804 2300 879 2379 sio,
905 2304 943 2364 et
966 2301 1045 2380 ita,
1064 2283 1108 2366 'et
1129 2305 1234 2365 tam.

401 2446 489 2508 Fieri
509 2451 619 2520 -potest
642 2453 678 2506 ut
703 2447 884 2506 sententiae
910 2462 968 2522 per
992 2447 1022 2506 et
1050 2447 1291 2522 coniungantur
1318 2462 1401 2520 qus-

295 2567 368 2611 rum
400 2527 503 2611 altera
536 2553 676 2628 priorem
708 2553 873 2612 definitius
903 2560 1047 2628 exponat
1076 2559 1109 2612 et
1136 2553 1262 2628 aliquid
1293 2553 1399 2610 addat

295 2661 383 2733 quod
406 2677 448 2718 ex
472 2659 533 2718 hao
557 2666 788 2733 consequatur,
823 2666 860 2718 ut
883 2662 992 2718 voleat
1015 2661 1047 2719 et
1070 2655 1130 2736 ita,
1166 2658 1197 2719 et
1218 2655 1278 2736 sic,
1306 2661 1344 2718 at
1356 2654 1397 2734 ¹).

294 2766 404 2826 Pausa
427 2767 579 2840 exempla
603 2767 755 2840 praebeo.

402 2866 597 2952 Disciplina
619 2867 656 2930 in
675 2867 861 2932 Britannia
883 2873 1020 2952 reperta
1044 2874 1142 2953 atqae
1164 2867 1243 2932 inde
1266 2869 1303 2932 in
1316 2866 1397 2932 aa·

295 2976 377 3040 liam
405 2973 574 3039 translata
602 2993 669 3038 esse
694 2974 920 3056 eaistimatar,
952 2981 983 3039 et
1005 2994 1094 3039 nanc
1118 2975 1175 3058 qai
1198 2975 1396 3061 diliqentias
1458 3005 1500 3048 ο,

295 3103 369 3147 eam
384 3102 455 3147 rem
472 3100 665 3167 ooynosoere
686 3079 811 3162 volant,
830 3080 1031 3166 pleramque
1047 3080 1106 3160 illo
1122 3081 1274 3146 discendi
1289 3101 1395 3145 consa

288 3188 564 3274 proficiscantur.
589 3186 620 3251 6.
640 3186 762 3251 13.12.

395 3314 486 3379 pons
515 3300 563 3358 est
591 3293 802 3376 interruptas
830 3299 861 3356 et
888 3293 1020 3378 reliqna
1043 3293 1221 3359 multitado
1246 3293 1394 3380 eqnitam

294 3401 487 3482 interolasa.
511 3405 537 3466 Ι.
554 3399 607 3478 40.
624 3398 656 3463 3.

400 3506 643 3594 nuntiaverant
674 3525 716 3570 aa
746 3525 782 3570 eo
812 3512 960 3592 tempore
987 3514 1111 3573 metam
1142 3528 1211 3574 esse
1235 3527 1394 3593 maqaam

295 3619 326 3677 et
350 3610 483 3678 Attiam
514 3612 640 3676 Varam
663 3612 790 3677 ciream
814 3613 960 3700 castellis
977 3634 1147 3700 praeesse.
1173 3621 1213 3683 H.
1230 3615 1283 3680 27.
1300 3614 1331 3678 2.

460 3858 495 3928 7.
539 3859 614 3929 Por
638 3866 675 3926 ot
697 3861 938 3945 particulam
962 3864 1147 3931 transitio
1171 3864 1247 3932 fit.
1276 3897 1279 3902 ·

402 4008 571 4076 interdum
602 4009 633 4072 a
662 4008 696 4066 tn
725 4009 819 4069 initio
842 4010 1002 4072 enuntias
1025 3987 1168 4086 ponitur.
1200 4011 1395 4086 praesertim

295 4119 371 4173 ente
395 4114 555 4174 adverbia
577 4109 720 4184 horeale,
747 4117 844 4187 certe,
868 4112 1035 4196 profecto,
1064 4118 1193 4188 similis,
1227 4085 1292 4193 per
1309 4133 1395 4191 quse

173 4255 176 4260 -
294 4220 346 4278 vis
378 4221 540 4294 quaedem
573 4228 605 4279 et
634 4222 760 4296 pondus
789 4223 930 4282 addatur
958 4223 1141 4292 transitioni
1171 4223 1214 4282 ed
1239 4223 1338 4280 sliam
1361 4229 1397 4280 et

402 4407 429 4471 1)
449 4404 492 4461 Cf.
512 4405 614 4476 Reisig
632 4404 685 4462 III.
705 4423 733 4480 p.
754 4406 818 4478 1963
842 4407 942 4464 Ballos
961 4406 983 4464 I.
1004 4410 1046 4465 16.

1554 2506 1565 2868 t
