3138 5202
785 449 963 506 ..12-

328 627 539 690 sociationem
563 631 658 691 tueri.
704 631 852 692 Belicam
880 637 930 692 est
956 629 1058 707 igitur
1084 638 1121 692 ut
1143 645 1242 692 unum
1267 629 1329 690 hoc
1352 630 1429 690 sine

329 737 513 811 suspicione
536 739 724 814 exemplum
748 739 836 814 apud
860 737 1032 800 Caesarem
1056 744 1187 798 exstare
1211 737 1329 797 dicam.

435 841 521 918 Quid
545 844 586 902 de
610 845 843 922 supplementis
867 843 1210 930 Caesarianisistlcce
1234 845 1404 920 exempla:

365 944 398 1022 a)
421 945 670 1031 capitiariirqce
703 967 747 1012 err
779 947 931 1012 omnibus
964 947 1106 1012 navibus
1133 945 1290 1032 Ityraeis,
1324 944 1430 1030 Syris

418 1055 449 1114 et
472 1051 629 1136 caiusque
652 1053 794 1138 pererit,
818 1051 942 1118 1120.
962 1053 989 1116 l.

434 1161 635 1224 Woelfflinus
645 1159 667 1237 ¹)
691 1165 830 1224 verbum
854 1157 962 1244 Syrie,
997 1164 1091 1224 uncis
1115 1162 1257 1232 inclusit,
1285 1163 1354 1233 sed,
1390 1171 1430 1222 ut

329 1275 417 1344 puto,
451 1285 514 1327 non
547 1277 647 1340 recte,
680 1285 757 1328 nam
790 1270 821 1330 et
844 1265 1002 1350 cuiusque
1029 1264 1161 1351 perieris
1193 1270 1304 1344 inepte
1327 1285 1431 1344 pone-

256 1385 260 1394 “
329 1380 428 1444 retur,
463 1375 489 1434 si
522 1390 623 1434 unum
656 1381 783 1459 tantum
815 1391 919 1452 genus
947 1376 1113 1436 hominum
1137 1370 1311 1454 (Ityraeis)
1336 1380 1430 1434 ante

329 1479 461 1539 eederet
475 1477 499 1556 2)

358 1583 394 1661 b)
417 1584 575 1670 virpalta,
598 1589 709 1648 cretea
732 1591 764 1649 ei
787 1583 1009 1670 harpapoaer,
1033 1581 1076 1650 H.
1097 1583 1146 1648 16.
1164 1583 1195 1648 2.

433 1694 544 1754 Lectio
576 1689 735 1777 virpalta,
768 1694 878 1756 crates
910 1711 1001 1756 mera
1027 1694 1206 1772 Nipperdei
1235 1693 1430 1753 coniectura

329 1798 453 1858 nititur.

366 1902 396 1979 c)
419 1901 522 1965 toties
554 1902 737 1984 reditionis,
771 1903 929 1988 familiae
966 1907 997 1969 ei
1033 1903 1270 1968 libertinorum
1307 1907 1428 1985 caprei,

418 2013 459 2071 H.
476 2007 530 2072 33.
546 2007 578 2072 3.

435 2119 621 2180 Kuebierus
654 2138 718 2180 non
751 2122 822 2181 sine
855 2121 941 2180 iusta
970 2136 1081 2191 causa,
1114 2129 1151 2180 ut
1179 2120 1258 2178 mihi
1282 2119 1430 2187 videtur,

329 2219 526 2286 locutionem
556 2221 712 2306 familiae
746 2230 777 2288 ei
809 2222 1043 2288 libertinorum
1075 2227 1170 2287 uncis
1198 2226 1341 2296 inclusit,
1377 2224 1429 2284 in·

330 2331 458 2402 ductus,
494 2337 529 2391 ut
558 2332 628 2406 ipse
656 2332 746 2409 dicit,
781 2350 801 2391 a
824 2334 1021 2393 Mommseno
1045 2339 1077 2392 et
1100 2327 1334 2407 Fleischeroii,
1367 2331 1429 2404 qui

330 2436 441 2495 delent
456 2438 537 2496 haec
553 2439 666 2496 verba.
698 2439 745 2497 Fla
768 2439 949 2514 suspiciose
972 2455 1043 2497 esse
1066 2438 1143 2497 inde
1167 2445 1314 2514 apparet,
1336 2435 1428 2510 quod

330 2544 427 2616 paulo
451 2544 538 2602 infra
561 2545 630 2604 fere
658 2544 818 2604 iterantur
847 2539 1030 2624 (familiam
1053 2546 1084 2604 ei
1108 2538 1268 2616 liberios),
1304 2542 1429 2602 deinde

330 2655 439 2709 autem
463 2649 550 2722 quod
573 2650 682 2710 nullus
714 2649 811 2724 piane
840 2649 1016 2710 intercedit
1043 2665 1188 2710 conexus
1211 2649 1297 2709 inter
1321 2649 1428 2708 verba

331 2755 493 2814 artissime
514 2756 693 2826 hacrentia,
718 2757 820 2835 eapti
843 2750 1018 2816 seditionis
1042 2758 1073 2816 ei
1093 2751 1250 2836 familiae
1275 2756 1306 2815 ei
1329 2749 1429 2814 iiber·

331 2855 489 2920 tinorum.

420 3068 448 3114 e.
473 3052 545 3112 Per
568 3056 599 3114 ei
622 3055 730 3114 notio
754 3054 964 3131 generalis
988 3052 1160 3128 speciali
1185 3059 1222 3112 et
1245 3052 1335 3112 vice
1424 3084 1428 3091 ·

717 3176 838 3219 versa
866 3159 1035 3220 additur.

438 3283 546 3344 Paret
563 3285 769 3344 substantiva
793 3285 968 3343 coniuncta
991 3283 1156 3358 leguntur,
1180 3299 1317 3357 quorum
1335 3281 1428 3358 prius

331 3391 509 3463 posteriore
548 3397 604 3450 aut
642 3391 749 3465 priore
788 3389 950 3465 posterius
990 3388 1177 3448 accuratius
1216 3383 1427 3462 definitur⁴).

331 3495 427 3570 Apud
452 3495 623 3556 Gaesarem
647 3497 734 3556 notio
758 3494 922 3572 generalis
946 3495 1080 3568 speciali
1105 3494 1238 3555 additur
1260 3495 1326 3553 ita:
1352 3489 1428 3553 dete
1526 3473 1527 3480 ἵ

332 3603 362 3660 ei
389 3596 561 3682 princepe,
599 3597 628 3661 i.
658 3594 711 3660 88.
737 3595 775 3674 4;
815 3595 917 3678 piena
952 3594 1108 3659 liciorum
1143 3599 1173 3658 ei
1205 3593 1428 3677 imperiorum

326 3704 516 3787 provincia,
541 3708 598 3767 ΙΙΙ.
621 3701 675 3767 32.
697 3702 735 3781 4;
766 3701 1018 3786 possessionum
1042 3707 1072 3764 ei
1096 3719 1221 3778 reram,
1245 3703 1304 3761 111.
1333 3698 1361 3759 1.
1388 3700 1428 3764 2:

440 3923 467 3990 1)
487 3923 617 3977 Wdifflin
638 3927 667 3978 ei
685 3922 864 3989 Miodonski‚
884 3919 915 3977 Ο.
928 3920 1014 3974 Asini
1032 3919 1163 3975 Polionis
1178 3918 1426 3991 Commentarius,

331 4009 411 4080 Lips.
432 4011 509 4079 1889,
528 4028 557 4082 p.
576 4010 619 4064 36.

439 4099 467 4164 2)
487 4097 530 4154 Cf.
550 4098 690 4153 Moeiken
714 4100 760 4152 ‘in
784 4113 889 4152 comm.
914 4096 952 4152 de
971 4096 1042 4151 Bell.
1063 4094 1110 4156 As.
1135 4101 1262 4166 quaesti.
1290 4097 1426 4152 criticae·

331 4183 534 4256 Argentorati
554 4186 631 4255 1892,
651 4204 678 4258 p.
699 4187 741 4241 91.

440 4275 469 4342 3)
488 4274 556 4330 Obs.
577 4276 641 4348 crit.
660 4277 698 4332 de
717 4278 745 4330 b.
765 4275 848 4345 Hisp.
867 4276 958 4346 Prog.
978 4275 1060 4330 Misn.
1083 4275 1159 4330 1876.
1179 4290 1208 4344 p.
1227 4274 1270 4328 21.

439 4362 468 4431 4)
487 4360 530 4418 cf.
550 4362 652 4436 Reisig
670 4363 723 4418 ΙΙΙ.
743 4381 772 4435 p.
793 4362 853 4418 196.
