3138 5202
724 473 898 526 ..60-

265 671 324 714 nes
345 655 527 741 litterarum
544 654 733 720 Latinarum
756 660 879 712 aetatcs
890 649 924 727 1).
971 655 1068 728 Apud
1089 652 1260 714 Caesarem
1285 669 1365 712 sem-

266 777 325 836 per
357 762 434 830 fere
459 777 636 836 pronomen
673 762 964 820 demonstrativum
1001 762 1124 835 excipit
1147 761 1364 835 particulam.

266 844 439 941 Exempla:
475 863 625 926 trabibus
654 867 752 946 atque
782 863 829 926 eis
852 862 1058 946 praeacutis,
1088 867 1111 924 Ι.
1130 861 1182 924 27.
1199 861 1235 924 4:
1264 882 1366 925 noces

262 967 625 1053 paratissimaeotqae
649 968 739 1032 omui
768 986 886 1052 ponere
919 987 1094 1030 armorum
1119 969 1364 1042 ornatissimae,

267 1073 420 1136 3142:
445 1074 552 1149 nostri
575 1074 698 1138 milites
719 1075 823 1160 facile
846 1075 1061 1158 superabant,
1086 1080 1183 1157 atque
1201 1094 1236 1137 eo
1261 1073 1367 1158 mapa

267 1179 365 1263 quod,
394 1192 469 1243 cett.
494 1179 525 1244 3.
546 1181 595 1244 l4.
613 1180 648 1244 8:
679 1187 749 1244 sim.
774 1181 907 1244 5.1.2:
932 1187 1016 1244 Hirt.
1044 1180 1094 1243 10.
1110 1180 1147 1244 4:
1172 1185 1225 1247 Af.
1249 1179 1303 1244 65.
1314 1183 1338 1243 «1
1358 1206 1370 1261 ²..

267 1284 320 1350 38.
341 1289 373 1349 1:
397 1287 522 1370 flumen
546 1308 612 1350 auo
637 1287 706 1351 loco
725 1287 871 1382 pedibas
895 1294 992 1371 atque
1016 1287 1075 1350 boc
1098 1306 1196 1371 aepre
1224 1287 1367 1351 transiri
1455 1375 1466 1386 Ι,

265 1399 388 1476 potest,
422 1392 576 1457 5.18.l:
611 1399 681 1456 sim.
699 1392 852 1457 5.'15.4:
886 1393 1035 1458 I.82.3:
1068 1398 1110 1458 11.
1127 1393 1158 1456 2.
1176 1393 1209 1456 2:
1240 1397 1298 1457 111.
1316 1393 1367 1457 70.

271 1499 299 1562 l:
332 1503 415 1563 Hirr.
435 1499 464 1565 7.
481 1499 516 1564 2:
542 1499 594 1563 20.
612 1501 642 1563 2.

538 1789 573 1858 7.
618 1790 754 1870 Atque
780 1790 1109 1857 asseverativum.

274 1923 276 1928 ’
376 1936 438 1994 Per
452 1935 560 2016 'atque
575 1935 734 2014 'gradatio
764 1935 817 1994 ita'
839 1937 981 1994 officitur
1003 1943 1039 1994 ut
1063 1935 1150 1994 idem
1176 1935 1245 1993 iere
1270 1935 1369 2009 parti-

269 2043 343 2099 cula
368 2043 530 2118 significet
554 2043 641 2118 quod
666 2045 696 2101 et
719 2058 810 2118 saue,
836 2043 866 2100 et
889 2044 986 2118 certe,
1010 2057 1075 2116 quo
1099 2041 1141 2099 ad
1160 2041 1314 2118 graviora
1335 2035 1370 2099 'et

269 2149 395 2206 maiora
419 2150 521 2208 oratio
545 2151 711 2208 ascendat.
759 2149 830 2207 Non
859 2164 933 2206 raro
958 2149 1126 2216 adverbia,
1157 2149 1247 2206 velut
1274 2142 1369 2224 adeo,

269 2249 417 2333 iusuper,
437 2271 438 2274 ¹
455 2253 565 2332 etiam,
595 2247 736 2334 quidem,
765 2255 830 2314 alia
863 2258 938 2313 sunt
965 2249 1138 2329 adiectai).
1196 2254 1368 2327 Exempla:

270 2349 307 2418 iu
328 2377 433 2419 auum
449 2363 547 2440 atque
569 2363 748 2442 depastam
762 2356 879 2430 locum,
904 2361 929 2418 I.
946 2353 999 2418 50.
1017 2355 1051 2418 2:
1076 2376 1134 2439 spe
1151 2354 1371 2438 consequendi

271 2463 501 2548 inlotootque
524 2462 656 2548 infinito
680 2446 793 2526 labore
814 2450 974 2545 suscepto,
999 2460 1029 2523 6.
1047 2459 1101 2524 43.
1118 2459 1152 2524 5:
1178 2461 1370 2545 impruden·

272 2571 359 2634 tibus
388 2574 511 2634 uostris
542 2576 640 2652 atque
674 2569 852 2652 occupatis,
877 2567 908 2630 5.
928 2567 978 2631 15.
996 2566 1030 2631 3:
1065 2567 1171 2652 diripi
1194 2567 1371 2630 Eburones

272 2683 369 2759 atque
385 2675 475 2738 ultro
489 2677 596 2739 omnis
612 2675 657 2738 ad
670 2673 837 2758 praedam
854 2673 994 2755 evocari,
1015 2675 1050 2739 6.
1068 2674 1120 2738 35.
1139 2675 1173 2737 4:
1198 2675 1263 2738 leci
1276 2675 1369 2758 facto

272 2783 416 2864 equestri
434 2781 562 2864 proelio
579 2789 676 2865 atquo
691 2781 846 2855 secundo,
863 2781 890 2843 7.
905 2780 958 2844 53.
976 2782 1011 2844 2:
1037 2781 1115 2845 iura
1132 2780 1280 2866 leposque
1298 2779 1370 2842 red·

274 2887 409 2956 diderat
425 2895 523 2971 atque
539 2887 606 2971 ipsi
622 2888 773 2951 Morinos
789 2889 1001 2964 attribuerat,
1027 2888 1056 2952 l.
1075 2886 1127 2950 76.
1150 2889 1181 2950 l:
1207 2887 1372 2950 sustiuerit

272 2994 325 3058 illi
349 3001 448 3077 atque
472 3001 544 3058 arte
568 2994 781 3077 sollertiaque
804 3015 838 3058 se
863 2993 1045 3078 adplicant,
1070 2997 1108 3057 Α.
1129 2991 1178 3056 15.
1197 2992 1227 3056 6.
1274 2995 1372 3070 Apud

274 3105 445 3165 Caesarem
470 3106 602 3179 quidem
626 3107 751 3165 nullum
775 3107 888 3164 inveni
913 3106 1099 3180 exemplum
1123 3105 1218 3163 huius
1242 3101 1372 3180 generis

274 3228 347 3270 oum
373 3213 530 3270 adverbio
555 3213 678 3288 addito,
704 3213 819 3270 sedin
845 3212 1088 3287 supplementis
1113 3226 1188 3269 cunr
1211 3205 1284 3268 suis.
1305 3201 1372 3286 epi·
1447 3231 1450 3236 ·

275 3313 362 3377 botis
392 3319 490 3397 atque
514 3313 614 3377 etiam
638 3313 782 3378 bostiam
805 3313 1006 3387 custodibus,
1032 3318 1084 3375 Af.
1102 3311 1154 3374 63.
1172 3310 1201 3375 3.

342 3601 378 3666 8.
425 3601 497 3666 Per
521 3602 1012 3700 otq1ue(ao)partieuiam
1036 3599 1222 3692 transitio
1246 3599 1300 3664 fit.

383 3746 481 3804 Multo
516 3747 645 3821 saepius
678 3763 774 3820 quam
808 3752 938 3805 ceterae
961 3743 1141 3819 particulae
1168 3741 1374 3816 copulativae

276 3853 373 3929 atque
397 3853 430 3910 in
452 3853 545 3911 initio
568 3853 727 3911 enuntiati
744 3853 885 3926 positum
909 3853 989 3910 iacit
1005 3849 1230 3908 transitionem
1254 3847 1297 3904 ad
1320 3863 1374 3905 no·

276 3975 350 4016 vam
376 3960 571 4016 sententiam
595 3959 826 4017 velorationis
857 3965 993 4032 partem.
1041 3956 1144 4030 Quam
1174 3969 1249 4012 raro
1274 3954 1305 4017 er
1329 3953 1376 4010 ita

380 4105 412 4195 ¹1)
432 4125 474 4182 or.
494 4126 633 4194 omega·
653 4126 690 4179 11.
711 4143 738 4195 p.
753 4126 795 4180 so.
830 4122 922 4194 Apua-
940 4124 1082 4183 Plautum
1102 4123 1213 4190 (nanas
1232 4122 1253 4175 r.
1274 4138 1302 4190 p.
1316 4121 1375 4188 ee);

277 4216 454 4281 Varronem,
475 4215 651 4270 Ciceronem
673 4214 799 4283 (Merten
819 4230 847 4282 p.
867 4214 925 4282 52);
945 4213 1084 4267 Tacitum
1104 4211 1212 4281 (Spitta
1232 4227 1260 4280 p.
1280 4209 1333 4274 39).

384 4305 412 4372 2)
432 4305 478 4358 De
497 4305 553 4358 hoc
572 4319 631 4357 usu
650 4303 734 4378 apud
754 4303 829 4356 alios
844 4303 1005 4371 scriptores
1024 4302 1062 4355 cf.
1077 4301 1217 4368 Draeger
1236 4298 1274 4350 II.
1293 4296 1375 4366 p.47,

188 4441 190 4446 .
277 4393 377 4450 Ballas
396 4393 419 4447 I.
438 4409 467 4468 p.
486 4393 528 4466 31,
549 4393 662 4452 Merten
683 4409 710 4462 p.
730 4391 773 4446 45.
835 4444 838 4449 ,
