3138 5202
632 484 808 540 ..13-

172 665 248 725 alia.
282 664 441 742 Speoialis
459 667 606 745 generali
624 668 767 744 additur,
791 669 909 728 contro
925 663 1029 728 civem
1045 661 1269 746 retroversim,

172 773 231 832 111.
249 767 302 832 31.
319 769 357 832 4:
382 789 399 832 e
422 775 516 856 qeote
541 776 572 834 ei
596 790 734 834 numero
758 769 1016 845 Germanorum,
1037 768 1067 833 6.
1085 769 1138 833 32.
1157 769 1192 833 l:
1216 789 1268 835 oe-

172 875 312 940 oeosarii
341 881 372 940 el
401 876 653 962 ooosooyuioei,
683 877 711 940 l.
732 877 782 940 11.
799 877 838 940 4:
874 877 970 962 66966
993 875 1159 941 militaria
1179 924 1213 940 ..
1237 883 1269 941 et

173 980 317 1064 aquilae,
334 987 392 1046 Ill.
409 981 463 1046 99.
479 983 515 1047 4:
540 993 573 1046 et
597 989 736 1064 saepius.
804 1031 807 1036 .

280 1093 330 1151 lix
359 1092 706 1154 Pseudo-Caesarianis
741 1095 956 1171 scriptoribus
990 1110 1095 1171 pauoa
1128 1095 1269 1170 praebeo

173 1198 288 1257 eodem
312 1215 376 1273 quo
400 1205 477 1258 ante
500 1200 615 1259 ordine
640 1202 792 1276 exempla
816 1202 913 1260 haee:
938 1197 970 1275 a)
995 1196 1139 1261 amioum
1163 1202 1194 1260 ei
1218 1215 1270 1260 oe-

173 1300 366 1380 oeooariom,
379 1305 418 1364 A.
435 1298 488 1364 66.
508 1300 543 1364 l:
567 1301 733 1366 incendiis
757 1306 788 1364 ei
802 1302 923 1383 ruinis,
948 1308 986 1364 A.
1003 1301 1056 1364 24.
1075 1300 1111 1364 2:
1137 1295 1270 1384 aquilas

174 1411 205 1468 ei
228 1406 336 1490 66966,
354 1410 395 1470 Η.
412 1405 497 1470 l.5:
516 1407 646 1491 palude
670 1414 701 1471 et
724 1408 788 1472 lori
811 1412 1048 1488 naiorafflirt.
1069 1407 1118 1470 ll.
1140 1408 1175 1470 1:
1212 1427 1268 1472 au·
1335 1425 1340 1434 ·

172 1511 291 1595 opidis
312 1517 343 1577 et
363 1512 591 1597 reliyiooibuo‚
607 1519 646 1576 A.
665 1512 717 1578 74.
734 1512 765 1576 3.
797 1514 833 1592 b)
855 1507 1009 1598 principe
1033 1518 1063 1577 el
1085 1512 1269 1597 praefecto,

173 1622 257 1682 Hirr.
278 1617 328 1681 12.
350 1616 383 1681 6.
430 1622 523 1698 Quod
557 1623 689 1683 dicendi
722 1640 826 1701 genus
859 1623 947 1700 opud
980 1623 1061 1682 elios
1094 1623 1269 1698 scriptores

173 1729 329 1803 frequens
353 1745 423 1788 esse
447 1746 467 1787 a
490 1729 572 1789 viris
596 1730 700 1790 dootis
724 1731 803 1790 satis
827 1739 875 1789 est
900 1731 1154 1789 demonstratum
1165 1725 1199 1803 ¹).

177 2027 224 2094 ι2.
256 2028 312 2095 Do
335 2028 560 2112 particulas
584 2034 623 2093 ei
646 2027 846 2096 adieoiiva
870 2029 1144 2113 coniungoniis
1167 2049 1253 2099 usu.

249 2224 278 2266 a.
308 2208 359 2267 De
384 2208 558 2284 singulis
581 2207 873 2268 adieetivorum
896 2208 1096 2284 gradibus
1120 2226 1193 2286 quo

499 2314 609 2372 modo
633 2314 938 2392 coniungantur.

281 2448 467 2530 longiori),
503 2454 558 2528 qui
588 2453 672 2512 hano
696 2455 852 2513 tractavit
875 2456 1113 2528 quaestionem,
1149 2473 1264 2532 parum

173 2563 325 2619 accurato
361 2560 459 2619 dicit:
510 2559 616 2632 „Zwei
645 2560 820 2634 Adjeotiva
855 2561 900 2620 im
936 2561 1059 2621 Positiv
1094 2563 1269 2623 verbindet

173 2666 294 2727 Caesar
316 2666 360 2724 im
385 2681 512 2742 ganzen
536 2667 643 2741 gleioh
668 2667 778 2744 hliuflg
802 2669 860 2727 mit
877 2669 963 2727 allen
980 2668 1160 2737 Poriikeln‚
1184 2671 1269 2729 wilh·

173 2773 256 2832 rend
280 2773 324 2830 i1n
348 2772 564 2847 Komporativ
587 2773 655 2832 und
679 2771 864 2848 Superlsiiv
889 2774 957 2832 sich
982 2775 1068 2833 liiter
1090 2775 1188 2853 alque
1203 2772 1268 2850 (ao)

173 2876 306 2937 findet.“
356 2879 425 2954 ligo
449 2878 583 2951 quidem
607 2879 744 2937 materia
769 2879 1017 2955 diligentissime
1041 2881 1206 2968 exquisita
1226 2882 1269 2940 ad

174 2985 236 3043 hoo
268 2982 426 3042 indicium
460 2984 612 3058 perveni:
648 2983 682 3042 in
707 2984 788 3042 Bell.
814 2983 898 3044 Gall.
923 2991 956 3044 et
980 2982 1059 3044 Bell.
1077 2985 1158 3058 Oiv„
1194 3002 1269 3046 oum

174 3089 316 3164 positiva
339 3090 594 3166 coniunguntur,
619 3090 651 3147 in
676 3106 738 3150 usu
761 3090 1026 3164 frequentissimo
1042 3096 1092 3151 est
1107 3093 1270 3168 porticula

174 3197 272 3274 alque
290 3191 355 3269 (ao)
381 3192 520 3269 (numeri
544 3196 577 3254 hi
601 3201 692 3254 suni:
716 3189 818 3269 631,
842 3212 905 3276 que
921 3190 975 3267 30,
1000 3171 1099 3278 atoue
1115 3194 1180 3272 (ao)
1196 3193 1268 3273 66);

174 3302 252 3361 item
277 3317 350 3360 oum
375 3302 600 3376 comparativa
626 3302 871 3378 coniunguntur
894 3299 1054 3376 (numerir
1088 3302 1119 3362 et
1141 3298 1173 3374 2,
1208 3320 1270 3383 que

174 3401 206 3478 2,
230 3409 329 3486 alque
344 3403 407 3481 (ao)
425 3401 473 3480 7);
498 3408 613 3466 eodem
626 3409 744 3483 oopula
756 3409 852 3485 longe
868 3410 1038 3484 praevalet
1058 3410 1144 3469 inter
1160 3425 1269 3485 super·

176 3514 278 3572 lativo
302 3509 459 3588 (numerir
484 3514 514 3572 ei
537 3508 568 3583 4,
593 3529 655 3592 que
678 3509 711 3590 6,
734 3513 833 3593 alque
846 3511 913 3590 (ao)
935 3510 998 3587 12).
1033 3515 1144 3575 Potest
1167 3517 1270 3593 igitur

175 3620 341 3679 adfirmari
355 3609 536 3680 'Caesarem
563 3610 743 3696 particulae
767 3618 940 3701 aiqoewo)
965 3623 1078 3682 favere
1108 3623 1194 3682 inter
1216 3639 1270 3682 ou·

174 3727 278 3786 iusvis
301 3726 425 3804 gradus
449 3726 623 3787 adieetivrr.

160 3875 161 3878 ,
282 3832 380 3908 Apud
402 3831 755 3892 Pseudo-Oeosorionos
782 3848 862 3892 vero
895 3833 1052 3893 dissimile
1081 3839 1112 3892 et
1141 3834 1270 3894 varium

175 3938 307 3998 dicendi
331 3954 435 4015 genus
460 3938 631 4014 reperitur.
677 3938 803 3999 Hirtius
830 3946 862 3998 et
887 3947 1001 4000 auotor
1025 3939 1105 3999 Belli
1130 3940 1270 3999 Alexan-

175 4045 272 4115 drini,
312 4061 387 4104 oum
421 4045 563 4121 positiva
598 4046 811 4122 ooniungunt,
850 4047 1001 4105 omnibus
1036 4046 1161 4120 oopulis
1200 4045 1270 4105 sine

285 4303 312 4372 1)
332 4302 375 4359 of.
386 4303 525 4375 Draeger
534 4303 572 4360 11.
583 4305 660 4375 p.11‚
679 4303 793 4359 Messon
805 4321 833 4375 p.
842 4305 867 4373 9,
880 4269 1016 4375 Spitte'p.
1024 4303 1067 4371 24,
1081 4302 1180 4358 sallas
1190 4320 1218 4374 p.
1226 4303 1272 4363 12.

283 4391 312 4458 2)
330 4407 358 4464 p.
379 4392 421 4447 12.

469 4519 483 4564 i
