3138 5202
731 477 904 534 „40..

267 657 321 724 39.
337 659 373 724 2:
390 657 675 742 amplitudinisque
686 657 710 736 ¹)
727 677 835 740 caesa,
855 655 909 720 40.
925 654 960 720 6:
984 659 1145 740 ‹ipereque
1158 656 1181 735 ¹)
1195 655 1366 740 faciendo,

266 765 319 830 47.
337 765 374 830 22
398 765 809 847 necessitatequecoactus,
833 761 887 826 bb.
904 761 940 826 2:
963 761 1197 848 celeritateque
1220 782 1367 836 acoeme-

255 879 331 947 rat,
350 871 402 947 73.
419 873 451 946 l:‚
476 871 669 954 coborteque
684 891 757 946 sua,
775 869 828 934 76.
846 872 872 934 l.
906 875 1039 936 Nullum
1055 874 1145 934 aliud
1162 874 1366 950 opuseulum,

266 984 354 1059 quod
378 984 489 1053 sciam,
521 986 589 1043 tam
618 983 736 1044 multos
766 982 925 1043 eiusmodi
958 982 1046 1040 locos
1070 982 1215 1056 praebet,
1244 987 1277 1040 et
1298 997 1366 1040 non

266 1096 392 1160 tantum
416 1090 600 1164 frequentia
627 1098 676 1150 est
699 1090 783 1149 mira
805 1105 919 1148 verum
943 1089 1041 1148 etiam
1065 1089 1154 1163 quod
1178 1105 1220 1148 ex
1250 1089 1365 1148 decem

266 1198 346 1257 locis
379 1203 504 1259 tantum
538 1197 643 1259 tribus
675 1197 859 1271 proximum
890 1196 1027 1256 verbum
1061 1196 1212 1254 avoeali
1239 1195 1366 1270 incipit.

267 1303 417 1379 Quinque
449 1305 530 1364 locis
562 1305 672 1364 littera
702 1321 719 1364 c
748 1305 857 1364 statim
889 1305 1015 1379 excipit
1046 1303 1250 1378 particulam,
1281 1318 1366 1375 quae

265 1400 406 1482 resnou
436 1411 507 1470 sine
535 1413 660 1478 ratione
692 1411 798 1478 eidem
829 1412 937 1470 studio
970 1411 1121 1471 binorum
1150 1408 1365 1487 gutturalium

266 1532 419 1577 sonorum
435 1518 643 1599 attribuatur,
667 1518 756 1593 quod
772 1513 906 1594 supra‘)
922 1518 1180 1587 observavimus,
1198 1533 1272 1586 cum
1291 1531 1366 1591 age·

266 1638 374 1692 remus
398 1623 439 1693 de
463 1624 624 1698 particula
647 1629 723 1683 ante
747 1624 920 1692 relativum
944 1618 1095 1698 positai).

271 1791 273 1796 ,
302 1790 305 1795 ,
372 1729 531 1804 Denique,
564 1735 600 1790 ut
632 1731 693 1789 hoc
726 1731 906 1805 capitulum
939 1730 1052 1805 paucis
1080 1728 1365 1803 comprehendam,

266 1835 427 1904 contendo
451 1836 717 1912 compositionem
745 1837 927 1910 particulae
951 1851 1012 1914 que
1041 1851 1114 1895 eum
1139 1835 1229 1895 finali
1256 1836 1275 1894 e
1298 1850 1366 1892 sae·

266 1942 399 2016 pissime
423 1943 536 2018 primis
559 1943 741 2012 litterarum
767 1944 929 2003 aetatibus
953 1959 1023 2002 esse
1040 1949 1240 2017 usurpatam,
1264 1941 1366 2016 prius·

266 2063 364 2121 qnam
388 2047 604 2108 Romanorum
628 2065 723 2108 aures
748 2051 868 2118 teretes
891 2055 924 2107 et
947 2048 1121 2124 religiosae
1144 2047 1269 2123 fierent,
1294 2062 1366 2121 par-

266 2154 337 2225 cius
366 2152 547 2213 aansare
575 2160 608 2212 et
635 2152 801 2230 Cicerone,
836 2162 909 2229 post
932 2153 1098 2213 Ciceronis
1125 2158 1264 2212 aetatem
1293 2169 1366 2226 par·

266 2259 396 2329 cissime
425 2274 527 2333 usque
556 2260 634 2319 dum
666 2261 842 2336 scriptores
870 2259 1041 2318 deterioris
1070 2259 1186 2318 aetatis
1210 2258 1367 2329 incuriosi

266 2381 378 2426 rursus
402 2381 474 2425 eam
497 2367 752 2426 introducerent.

266 2571 289 2630 f.
313 2565 393 2644 Qua
417 2573 638 2648 particulae
662 2575 829 2636 vocibus
852 2575 1021 2651 plurium
1046 2590 1156 2649 quam
1179 2578 1366 2647 quattuor

565 2681 819 2756 syllabarum
844 2682 1068 2741 adiunctio.

260 2855 264 2862 .
373 2799 595 2879 Drangarum)
630 2811 720 2863 recte
758 2806 868 2864 monet
901 2818 963 2882 que
998 2803 1191 2878 particulam
1226 2801 1365 2860 vocibus

267 2914 421 2983 quattuor
446 2915 502 2968 aut
525 2910 666 2984 plurium
697 2910 900 2986 syllabarum
924 2925 989 2968 non
1020 2911 1090 2969 fere
1114 2907 1218 2981 adici3
1255 2916 1365 2966 tamen

266 3015 354 3088 apud
371 3013 542 3074 Caesarem
568 3017 677 3076 multis
702 3017 782 3077 locis
798 3033 863 3077 non
880 3017 984 3077 solum
1001 3017 1144 3090 quinque
1161 3017 1364 3094 syllabarum

152 3149 153 3152 ¹
265 3121 403 3197 vocibus
427 3137 543 3182 verum
567 3123 666 3183 etiam
696 3139 755 3182 sex
784 3123 960 3182 adhaeret:
996 3140 1024 3181 e.
1048 3139 1081 3200 g.
1100 3117 1365 3203 propinquitati-

266 3223 326 3285 bus
340 3222 650 3308 ,affinitatibusqua
676 3224 706 3287 2.
719 3224 751 3287 4.
768 3224 807 3288 4ε
832 3224 1117 3308 disputationibus
1140 3223 1364 3289 eaousatiaui'-

266 3329 399 3412 busque.
423 3335 447 3392 I.
474 3328 527 3393 33.
552 3328 587 3393 3:
606 3329 774 3413 praemiis
792 3329 1169 3415 pollicitationibusque,
1194 3329 1299 3394 3.18.
1324 3329 1362 3393 2:

267 3434 378 3500 accitam
391 3435 775 3520 administrationesque,
799 3436 939 3502 1.25.4=
957 3437 1197 3523 pabulationes
1209 3438 1363 3521 frumen·

375 3682 402 3750 1)
422 3680 462 3737 So
481 3680 597 3737 Accent
616 3700 654 3737 au
673 3689 783 3752 aetnen,
812 3685 878 3739 weil
902 3684 967 3738 hier
985 3684 1049 3738 und
1076 3685 1116 3736 im
1135 3682 1280 3737 ntchsten
1299 3681 1364 3735 Bei-

266 3768 340 3838 spiel
360 3785 439 3840 ganz
458 3771 541 3825 hart!
569 3769 626 3826 Die
646 3772 762 3827 andern
781 3771 881 3826 haben
901 3771 958 3826 alle
972 3771 1182 3840 daktylischen
1196 3771 1363 3840 Rbythmus

266 3857 462 3926 (Buecheler).
496 3921 498 3926 ¹

374 3946 402 4011 2)
422 3963 449 4016 p.
469 3947 512 4001 36.

374 4035 402 4104 3)
420 4035 584 4090 Praeterea
610 4037 696 4092 iuvat
722 4038 879 4093 attendere
907 4038 946 4092 ad
975 4053 1147 4092 mensuram
1176 4037 1362 4107 syllabarum

264 4138 468 4193 numerosque
489 4125 707 4180 vocabulorum
727 4142 766 4180 ex
786 4127 1004 4195 compositione
1024 4131 1118 4181 ortos:
1145 4127 1238 4180 octies
1260 4125 1362 4192 dacty-

263 4210 338 4266 licus
358 4211 390 4265 fit
410 4212 509 4266 exitus
532 4217 566 4266 ut
584 4210 838 4284 maiestateque„
857 4214 903 4268 bis
925 4215 1090 4283 paeonibus
1116 4218 1170 4268 aut
1190 4212 1358 4283 proceleus-

264 4300 402 4368 maticus,
422 4298 687 4372 amplitudinequc
706 4306 735 4356 et
754 4301 903 4374 alpemque
921 4295 1118 4372 (Buecheler).
