3138 5202
632 471 808 527 ..15-

171 645 332 727 marso,
360 645 392 716 s
417 646 446 711 r.
467 646 505 710 4:
534 647 626 717 mira
650 654 681 714 er
704 648 894 732 colocerus
911 648 1081 732 paucus,
1113 648 1141 713 1.
1162 647 1217 714 aa.
1241 650 1269 720 1.

172 758 278 819 Unam
308 759 497 820 inusitatam
527 759 722 836 locutionem
757 760 883 820 notavi:
920 754 1109 824 cohortibus
1140 763 1271 822 certam

172 865 270 944 atque
294 847 382 935 XXX,
408 866 463 924 III.
492 861 541 936 10,
566 860 597 924 b.
645 865 811 941 Quatenus
840 865 1167 935 Pseudo-Caesariani
1196 869 1272 938 scri-

172 973 282 1047 ptores
305 987 379 1031 cum
404 970 541 1031 Caesare
565 973 771 1032 consentiant
798 973 938 1034 iudicari
965 990 1030 1032 non
1059 977 1174 1048 potest,
1201 990 1272 1050 pro·

172 1083 287 1152 pterea
309 1077 396 1151 quod
420 1079 551 1138 codices
574 1079 643 1138 fere
666 1079 819 1139 omnibus
842 1080 923 1138 locis
946 1083 1038 1138 notas
1062 1096 1272 1142 numerorum
1389 1147 1391 1152 ,

173 1184 343 1257 praebent.
386 1183 458 1243 Uno
483 1185 551 1243 solo
574 1185 646 1244 loco
670 1185 809 1261 legimus
833 1178 925 1244 milla
949 1186 979 1245 et
1002 1180 1039 1246 D
1056 1202 1193 1265 passos,
1219 1187 1271 1246 Af.

173 1281 227 1346 80.
248 1284 274 1346 l.

230 1522 267 1587 3.
314 1522 370 1590 De
392 1521 600 1606 particulis
624 1523 864 1607 copulativis
888 1541 979 1592 cum
1002 1521 1215 1590 adverbiis.
1240 1511 1242 1516 ’

281 1665 328 1726 Ne
351 1667 631 1744 longamfamem,
655 1668 751 1727 simul
768 1669 829 1727 boc
845 1668 917 1728 loco
934 1670 964 1728 et
981 1668 1161 1744 particulae
1176 1667 1272 1728 usum

173 1777 207 1830 et
230 1780 412 1832 ceterarum
437 1774 692 1833 commentabar.

174 1953 203 1995 a.
229 1935 340 2011 Quae
364 1933 602 2010 particulae
626 1933 822 2010 singulae
846 1934 1057 1994 interduo
1081 1935 1273 1996 adverbia

614 2048 836 2114 ponantur

283 2164 441 2226 Omnibus
464 2164 515 2223 his
534 2163 749 2238 scriptoribus
770 2165 929 2238 excussis
954 2164 1035 2224 baec
1051 2166 1178 2241 reperio
1193 2181 1273 2225 vera

174 2287 260 2329 esse:
296 2271 382 2329 inter
405 2270 470 2330 duo
493 2271 726 2343 cuiuscumque
750 2271 873 2345 gradus
896 2271 1055 2329 adverbia
1078 2272 1273 2347 particulam

174 2392 237 2456 qua
260 2378 376 2436 crebro
403 2377 554 2451 usurpari
569 2372 608 2451 1);
645 2378 676 2435 et
700 2383 732 2435 et
760 2377 859 2455 atque
883 2393 981 2452 saepe
1010 2377 1096 2436 iuter
1120 2378 1272 2452 positiva,

175 2484 283 2542 minus
307 2499 405 2558 saepe
428 2484 515 2542 inter
531 2482 766 2559 comparativa,
791 2483 925 2541 minime
946 2498 1043 2559 saepe
1060 2483 1147 2542 inter
1165 2500 1273 2559 super-

176 2591 287 2659 lativa,
312 2589 484 2650 Gaesarem
508 2589 594 2648 enim
619 2589 722 2648 solum
746 2589 906 2663 praebere
923 2591 1075 2665 exempla
1091 2596 1124 2648 et
1147 2596 1272 2650 tanturn

175 2698 241 2757 duo
255 2691 276 2754 ².
323 2695 528 2772 Comparatio
552 2696 689 2754 aliorum
714 2696 909 2770 scriptorum
934 2697 1092 2770 patefacit
1105 2691 1132 2770 8)
1155 2696 1188 2755 in
1212 2697 1274 2756 hoc

175 2819 308 2881 genere,
332 2819 435 2876 aeque
459 2809 558 2875 atque
575 2802 607 2859 in
625 2801 864 2860 adiectivorum
881 2801 1111 2878 conligatione,
1136 2818 1191 2861 eos
1215 2817 1273 2861 suo

176 2925 339 2984 quemque
363 2908 499 2968 arbitrio
522 2923 609 2967 usos.

244 3075 276 3132 b.
315 3073 582 3153 Singulorum
607 3071 907 3131 adverbiorum
931 3070 1202 3148 adiuncti04).

284 3197 388 3257 Simul
411 3199 472 3257 hoc
495 3199 577 3268 loco,
605 3202 642 3288 ut
670 3211 779 3271 supra,
809 3211 921 3254 omnes
945 3196 1122 3272 particulas
1146 3197 1275 3272 copula-

176 3304 263 3362 tivas
286 3305 495 3380 complectar.
541 3301 661 3362 Caesar
685 3317 816 3377 semper
841 3302 872 3361 et
900 3302 1088 3378 praeposuit
1115 3302 1182 3361 his:
1212 3317 1275 3382 po-

286 3491 311 3554 1)
331 3490 425 3546 Velim
447 3491 589 3560 inspicias
608 3505 763 3546 numeros:
782 3506 840 3561 que
859 3493 938 3546 inter
957 3492 1101 3562 positiva:
1124 3489 1208 3548 Caes.
1220 3491 1274 3545 14:

177 3579 282 3634 Hirti
303 3597 310 3633 ε
330 3578 396 3632 ΑΛ.)
415 3599 421 3632 :
443 3578 490 3634 Af.
505 3578 620 3633 14:11.
634 3578 664 3647 23
685 3580 764 3633 inter
783 3581 1005 3649 comparativa:
1025 3577 1275 3636 Cass.3:A.1=

177 3667 226 3724 Af.
243 3669 260 3722 2
280 3686 287 3722 r
306 3668 342 3721 H.
363 3670 392 3736 13
421 3668 499 3722 inter
519 3667 719 3736 superlativa:
739 3665 823 3722 Caes
843 3667 860 3722 3
880 3687 886 3721 ε
905 3667 940 3722 Α.
960 3668 977 3722 3
997 3686 1003 3721 =
1023 3666 1070 3722 As.
1090 3668 1114 3721 1.
1152 3669 1179 3722 et
1197 3668 1276 3722 inter

178 3756 322 3825 positiva:
342 3754 457 3810 Caesi
477 3773 484 3808 ε
504 3753 569 3808 Α.3
589 3774 595 3808 :
614 3753 650 3808 H.
667 3754 694 3823 l;
714 3755 792 3809 inter
811 3755 1032 3824 comparative:
1052 3753 1136 3810 Caes.
1148 3755 1166 3810 3
1179 3773 1186 3807 ε
1199 3754 1235 3808 Η.
1247 3753 1276 3823 1;

178 3845 256 3898 inter
275 3845 476 3914 superlativa:
496 3842 579 3899 Caes.
600 3845 624 3897 1.
662 3844 753 3913 atque
772 3844 852 3898 inter
870 3843 1013 3914 positiva:
1033 3841 1117 3899 Caes.
1132 3841 1275 3898 1b:Hi1·t.

178 3930 459 3997 a:A.1=Ar.a;
492 3933 572 3987 inter
600 3933 822 4002 comparativa:
851 3930 886 3985 A.
907 3932 935 3998 13
968 3933 1047 3992 inter
1075 3931 1276 4006 superlativa:

178 4019 262 4076 Caes.
282 4022 306 4074 1.

285 4107 616 4178 mlwffllffib

285 4197 314 4261 3)
334 4195 378 4252 Cf.
397 4195 511 4251 Merten
530 4212 558 4266 p.
577 4196 602 4250 8.

284 4284 313 4353 4)
333 4283 460 4354 Bingius
480 4284 519 4354 (p.
540 4283 584 4350 18)
604 4283 682 4338 hunc
702 4284 910 4352 quaestionem
930 4283 1075 4350 exercuit,
1096 4283 1149 4338 sed
1168 4296 1276 4352 parum

179 4376 330 4428 accurate.
