3138 5202
629 430 786 486 -9..

158 608 283 693 equites
305 615 359 674 vel
384 608 550 694 equitatus
574 609 718 693 leviaque
742 612 930 682 armatura,
967 630 1031 673 non
1055 612 1129 690 plus
1156 627 1253 687 quam

158 719 259 779 semel
272 717 296 793 ¹)
325 716 492 800 equitatus
516 723 545 780 et
570 715 652 780 levia
675 722 875 796 armatura;
909 737 1006 796 porro
1031 715 1177 800 equitum
1195 736 1254 799 pe-

159 822 332 906 ditumque
364 823 448 900 tell)
482 830 514 886 et
547 827 628 886 nihil
660 827 760 887 aliud.
817 826 923 886 Etiam
947 825 1061 886 Cicero
1089 827 1187 886 habet
1211 842 1254 885 eu

158 948 299 1013 corpore
322 930 509 1013 animoque,
544 934 585 993 de
609 935 665 994 flu.
689 933 728 992 V.
746 927 799 1003 34,
824 938 857 992 et
880 948 924 992 eu
953 948 990 992 re
1014 934 1111 1012 atque
1135 928 1253 1008 verbis,

159 1040 200 1099 de
224 1039 313 1100 Orat.
338 1040 396 1099 III.
417 1033 467 1099 19.
1216 1021 1219 1027 ’

321 1268 323 1272 -
374 1228 406 1287 1).
441 1225 651 1302 Oppositio
676 1226 1037 1287 substantivorum.

264 1349 486 1424 ¹Substantiva
517 1367 601 1425 quae
625 1351 711 1410 inter
734 1367 768 1410 se
792 1350 958 1410 contraria
982 1355 1067 1420 sunt,
1092 1349 1197 1408 Varro
1221 1355 1254 1408 et

157 1456 492 1518 Pseudo-Cornificius
521 1465 554 1516 el
577 1457 690 1518 Cicero
720 1459 790 1518 fere
820 1474 879 1532 per
908 1457 1102 1532 particulam
1128 1459 1158 1516 et
1182 1473 1253 1516 eon-

157 1560 343 1640 iunguntl).
381 1565 432 1622 Ex
456 1563 681 1639 scriptoribua
706 1564 747 1622 de
772 1563 891 1638 quibus
915 1563 1053 1640 agimuS,
1078 1563 1254 1640 diligenter

157 1671 406 1748 perscrutanda
431 1672 597 1732 cumulavi
621 1672 773 1746 exempla
797 1671 891 1730 haeuz

202 1777 283 1838 Cum
307 1780 348 1855 et,

265 1879 353 1944 bella
376 1888 407 1945 et
430 1881 544 1946 ciuiles
569 1881 802 1962 atiaaeuuoaee²
827 1885 885 1944 III.
905 1879 934 1942 1.
951 1878 983 1942 3.

268 1987 343 2052 odio
370 1984 526 2053 Caesaris
550 1991 581 2052 et
604 2008 717 2052 amore
734 1988 883 2072 Pompei,
900 1992 939 2051 A.
956 1984 1008 2050 36.
1025 1985 1057 2050 4.

264 2093 351 2158 diem
376 2102 407 2158 et
431 2100 568 2172 uectem,
593 2098 632 2158 H.
651 2093 704 2158 38.
725 2094 753 2157 1.

261 2199 434 2283 familiam
457 2207 488 2264 et
512 2200 657 2276 libertos,
682 2205 730 2265 H..
746 2199 800 2264 33.
817 2199 848 2262 3.

263 2324 397 2370 seruam
420 2313 451 2370 et
475 2306 641 2388 libertum,
666 2312 706 2371 H.
722 2306 775 2371 33.
792 2307 824 2370 4.

201 2433 282 2494 Cum
305 2451 377 2514 que,
736 2511 738 2516 ,

264 2533 304 2600 de
328 2537 433 2601 seruis
457 2536 644 2622 liberisque,
668 2538 847 2602 1111413.

265 2642 423 2707 eadem..
444 2643 594 2727 feminae
617 2643 786 2728 mariaque
810 2651 945 2725 autura,
970 2643 1001 2707 6.
1019 2643 1072 2708 26.
1090 2645 1122 2709 3.

263 2747 351 2812 uitae
374 2749 538 2834 aeuisque,
566 2750 592 2812 l.
611 2749 660 2814 16.
678 2750 714 2813 5:
739 2749 770 2814 6.
791 2749 841 2814 19.
859 2750 894 2814 3:
919 2749 973 2815 23.
990 2750 1021 2813 4.

152 2851 172 2944 ι’
263 2874 352 2937 aqua
376 2858 541 2938 terraque,
566 2861 623 2919 ΙΙΙ.
643 2856 694 2918 11.
711 2855 742 2919 3.

263 2959 352 3024 diem
375 2968 575 3045 auctamque,
601 2960 631 3025 1.
647 2962 701 3025 42.
719 2960 754 3025 6:
780 2960 909 3025 11.11;
934 2966 959 3024 1.
976 2960 1029 3024 62.
1052 2965 1079 3026 1.

263 3073 356 3131 terra
379 3067 540 3152 marique,
566 3073 604 3131 A.
620 3067 674 3131 44.
692 3066 723 3131 5.

263 3173 387 3238 deutra
410 3174 624 3258 sinistraque,
648 3179 686 3238 A.
704 3173 757 3238 31.
774 3176 806 3238 4.

209 3284 215 3294 “
262 3286 356 3344 aucte
380 3279 507 3365 dieque,
532 3286 572 3344 H.
590 3281 642 3345 21.

263 3392 356 3450 terra
379 3386 542 3471 marique,
566 3392 618 3451 Af.
636 3387 688 3452 24.
707 3388 743 3452 4:
767 3389 820 3453 93.
839 3389 869 3454 3.

262 3492 387 3556 deutra
410 3493 623 3578 sinistraque,
648 3500 701 3558 Af.
720 3493 771 3558 10.
789 3495 820 3560 3.

263 3598 334 3662 dies
357 3607 541 3684 auctaeque,
567 3605 619 3666 Af.
637 3599 690 3664 26.
707 3600 739 3664 4.

200 3715 280 3776 (lum
304 3719 401 3797 atque
426 3713 501 3794 (aa),
1097 3749 1099 3754 .

201 3895 203 3898 ¹
256 3839 383 3902 pecora
407 3825 506 3904 atque
529 3821 687 3897 homiues,
712 3821 743 3886 ὃ.
764 3821 871 3886 19.1:
904 3827 974 3886 sim.
992 3821 1022 3886 6.
1040 3821 1071 3886 3.
1089 3821 1124 3885 2:
1159 3820 1190 3884 6.
1210 3823 1248 3884 l:

315 3925 539 3991 iumentorum
562 3934 660 4012 atque
678 3929 859 4010 homiuum,
883 3927 914 3992 6.
930 3929 985 3992 43.
1002 3928 1037 3992 3:
1063 3934 1134 3992 sim.
1151 3933 1177 3991 Ι.
1194 3926 1247 3991 55.

317 4031 352 4096 1:
377 4036 418 4095 II.
438 4035 465 4096 1.
483 4034 520 4097 4:
543 4034 618 4120 filia
642 4043 739 4119 atque
763 4057 851 4100 auae
875 4057 891 4100 e
913 4036 1005 4122 filiis,
1034 4034 1132 4099 1.26.
1150 4033 1181 4098 4.

262 4177 462 4247 nssffla

261 4268 290 4336 2)
308 4269 358 4325 Al.
377 4268 515 4324 121225.
537 4270 622 4326 1:30.
633 4271 657 4326 2.

260 4356 290 4427 3)
309 4357 352 4415 Ol.
371 4358 487 4414 Morten
505 4375 533 4429 p.
552 4358 577 4412 8.
