3138 5202
634 555 666 568 -
705 508 813 584 'sa-

173 711 371 770 linitivorum
404 708 592 786 frequentes
625 715 710 780 sunt,
745 709 888 769 sedeeim
921 709 1003 769 locis
1026 711 1062 770 et
1083 713 1275 786 usurpatur}

173 823 340 895 octoque,
364 817 522 876 tredecim
545 817 644 894 atque
668 813 743 892 (ae),
767 817 825 876 sed
849 815 1007 876 dissimile
1029 815 1112 876 Belli
1131 817 1273 876 Alexam

173 923 259 982 drini
283 927 332 982 est
356 923 444 997 quod
467 937 624 1002 querare
647 921 808 982 infinitivo
831 922 1030 998 adiungitur,
1054 922 1105 980 his
1129 929 1270 982 tantum:

173 1025 265 1089 dirui
279 1024 455 1107 deserique
471 1023 524 1088 26.
540 1022 576 1088 ὃς
601 1043 861 1110 oppupnareqae
875 1021 930 1088 51.
946 1023 978 1088 5.
1024 1029 1121 1088 Nullo
1145 1029 1215 1087 loco
1237 1029 1271 1088 in

174 1135 262 1195 Bello
292 1135 504 1210 Hispaniensi
532 1141 608 1195 sunt
636 1136 700 1196 duo
729 1135 883 1194 infinitivi
912 1135 1011 1194 nullis
1038 1134 1149 1195 verbis
1177 1135 1273 1194 inter·
1364 1139 1367 1144 ’

173 1243 286 1318 positis
310 1237 475 1302 coniuncti
485 1237 519 1315 ι).
987 1226 990 1230 ⁵

584 1374 617 1442 4.
651 1375 866 1460 Partlelpla.

278 1503 339 1566 Ad
360 1506 585 1582 componenda
610 1499 785 1584 participia
813 1507 1000 1582 praesentia
1023 1503 1142 1566 Caesar
1170 1506 1275 1572 utitur

173 1629 301 1688 semper
323 1614 392 1674 fere
416 1614 579 1688 particula
600 1615 641 1684 et,
666 1614 765 1672 scmel
788 1607 870 1688 affl),
901 1593 1078 1688 numquam
1102 1599 1173 1692 que.
1212 1611 1273 1673 Ne·

174 1725 235 1795 qu'e
265 1722 296 1779 ln
321 1721 556 1797 supplementis
588 1736 650 1799 que
681 1697 882 1797 adiungitur,
906 1719 1013 1778 Hirtio
1045 1726 1183 1804 excepto
1216 1720 1273 1794 qui

173 1842 237 1886 uno
270 1827 338 1886 solo
370 1828 442 1902 loce
474 1827 573 1886 habet
606 1841 725 1886 erratas
758 1821 960 1904 latitansque
969 1821 1004 1900 ἓ).
1059 1825 1209 1904 Proque
1237 1826 1276 1883 in·

175 1934 419 2010 supplementis,
449 1940 485 1995 ut
509 1933 597 2009 apud
621 1931 804 2009 Caesarem,
833 1933 864 1992 el
887 1931 939 1990 vel
964 1933 1062 2011 alque
1086 1927 1151 2006 (ac)
1180 1945 1273 1991 usur·

173 2019 278 2114 patur.
1260 2111 1262 2116 Ι

278 2147 330 2205 Ad
348 2146 571 2220 componenda
587 2144 761 2222 partieipia
777 2145 924 2221 perfecta
936 2143 1056 2205 Caesar
1075 2145 1178 2220 utitur
1202 2159 1273 2219 par-

172 2253 338 2340 ticulisct
355 2267 428 2332 qne,
452 2252 550 2332 alque
568 2249 632 2324 (ac)
657 2251 727 2310 sine
752 2250 952 2328 discrimine,
976 2251 1156 2324 eodemque
1175 2234 1275 2346 mode

172 2361 286 2417 auctor
296 2357 379 2418 Belli
392 2358 618 2434 Alexandrini.
666 2351 825 2432 Hirtius⁴)
849 2364 881 2418 et
904 2351 1051 2432 auetor⁵)
1067 2355 1149 2447 Belli
1167 2357 1272 2416 Africi

172 2477 233 2543 que
257 2470 500 2542 praeoptarent.
546 2464 584 2523 In
609 2465 699 2523 Bello
720 2461 934 2539 Hispaniensi
953 2478 1015 2543 que
1038 2468 1070 2522 et
1093 2465 1125 2522 et
1148 2463 1272 2537 pariter

172 2563 358 2650 occurrunt.

411 2703 443 2772 5.
473 2701 695 2771 (lorandrum
718 2704 755 2770 et
779 2701 1032 2773 Gerundlvum.
1118 2776 1120 2780 y

279 2835 331 2894 Ad
361 2834 419 2893 has
447 2835 569 2893 formas
597 2834 815 2893 conectendas
849 2832 968 2893 Caesar
1001 2834 1093 2908 ponit
1122 2835 1273 2908 quamvis

173 2935 371 3016 copulamss),
404 2940 531 2999 Hirtius
566 2955 694 3014 semper
725 2954 797 3018 que.
852 2939 979 2998 Bellum
1013 2941 1271 3001 Alexandrinum

172 3047 313 3106 ostendit
337 3049 368 3107 et
391 3041 488 3122 bisi),
513 3061 574 3126 que
599 3041 693 3120 bis8),
721 3059 761 3105 ac
785 3040 929 3136 serne19).

430 3286 431 3289 Ἴ
452 3331 489 3396 6.
535 3329 670 3411 Atque
692 3329 986 3414 explicativum.

278 3475 322 3536 Ut
345 3471 457 3554 quem)
482 3476 528 3534 ita
551 3477 650 3555 atque
676 3466 740 3552 (ac)
766 3491 863 3551 saepe
896 3475 989 3534 addit
1022 3474 1157 3552 aliquid,
1183 3477 1270 3550 qued

171 3582 423 3657 praecedentem
444 3583 609 3640 notionem
625 3588 682 3640 aut
706 3582 909 3641 enuntiatum
926 3581 1112 3642 accuratius
1129 3582 1271 3659 explicet

171 3687 226 3746 vel
251 3687 426 3746 describat.
473 3687 624 3772 volgaris
648 3693 696 3746 est
720 3687 773 3746 hic
796 3702 874 3747 usus
905 3687 1102 3761 duravitque
1125 3687 1185 3764 per‘
1208 3704 1272 3748 orn·

282 3917 308 3978 1)
328 3915 464 3969 Membra
482 3914 632 3969 infinitiva
652 3916 879 3984 coniunguntur
899 3915 933 3970 15
944 3956 949 3969 .
961 3915 979 3970 6
989 3935 995 3968 ι
1006 3913 1049 3970 20.
1060 3914 1085 3969 2.

274 4004 310 4072 2)
330 4003 382 4058 III.
402 4004 452 4060 93.
464 4005 490 4059 6.

282 4093 311 4160 3)
330 4091 366 4146 Α.
384 4092 428 4148 31.
447 4093 472 4148 5.

281 4181 310 4248 4)
329 4181 445 4236 Hirtius
465 4181 589 4236 adhibet
607 4181 635 4234 et
655 4180 699 4234 14.
718 4181 736 4234 2
754 4199 762 4236 r
782 4183 872 4250 alque
891 4179 934 4236 55.
955 4181 993 4236 1:
1013 4181 1085 4236 alibi
1105 4197 1171 4251 que.

281 4269 308 4334 5)
328 4268 451 4324 Numeri
470 4273 541 4324 sunt
560 4269 587 4322 et
605 4269 631 4337 2,
650 4269 809 4339 atqucwe)
827 4269 854 4334 6,
874 4273 931 4339 que
950 4269 994 4323 22.
1016 4279 1019 4284 ’
1251 4259 1254 4264 “

282 4354 310 4422 6)
329 4355 453 4412 Numeri
472 4361 542 4410 sunt
561 4356 649 4423 ello,
668 4356 827 4426 atque(ac)
847 4356 873 4426 9,
892 4372 949 4427 quc
970 4357 1012 4411 10.

282 4443 506 4514 l)14.5:22.2.
585 4445 613 4514 8)
632 4445 809 4500 30.s:51.3.
881 4446 908 4512 9)
927 4441 1007 4500 tal.
1079 4446 1123 4509 10)
1143 4459 1173 4498 ν.
1186 4444 1270 4515 pit).
