3138 5202
117 766 120 772 .
226 694 377 752 currunt:
401 686 468 772 lapi
479 686 762 773 dissimularique,
782 691 808 756 Ι.
824 687 925 755 19.2ι
950 707 1106 755 rovocare
1122 689 1326 773 hortait'qae,

218 793 257 861 6.
274 791 306 857 6.
322 791 359 858 4³
382 794 541 879 saperent
552 793 731 880 delerique,
755 799 794 862 Α.
811 794 863 860 at.
879 795 917 860 a:
935 795 1107 883 possideri
1122 795 1326 879 eminetque,

226 906 265 968 A.
282 899 334 966 34.
356 901 391 968 1:
412 900 577 986 pabulari
596 903 878 988 frumentatione,
902 908 941 967 A.
958 902 1012 973 61.
1028 902 1064 968 6:
1089 903 1182 969 dirui
1204 902 1327 971 daei·

226 1027 299 1093 qne,
323 1013 376 1072 Af.
394 1006 448 1073 26.
464 1007 496 1074 ὁ.

332 1120 434 1190 Multo
463 1121 562 1181 etiem
591 1122 830 1196 frequentiores
859 1128 935 1182 sunt
963 1123 1047 1182 aliae
1076 1121 1328 1197 compositiones

227 1241 289 1308 qao
311 1227 449 1288 voculae
472 1235 505 1288 et
532 1228 566 1288 in
599 1229 618 1289 ll
647 1229 837 1290 exeuntium
874 1229 1066 1304 praesertim
1099 1229 1266 1289 nominum
1295 1235 1328 1288 et

226 1333 474 1394 adieetivorum.
520 1333 646 1396 Tamen
663 1336 745 1395 haee
766 1335 979 1395 commissura
1003 1329 1132 1410 saepius
1159 1335 1328 1400 invenitur

227 1439 315 1516 apud
338 1440 463 1516 priseos
487 1448 519 1500 et
541 1447 690 1501 recentes
714 1451 812 1515 qnam
838 1442 924 1517 apud
948 1441 1093 1501 melioris
1116 1441 1235 1501 aetatis
1250 1442 1327 1501 seri·

225 1552 345 1622 ptores.
391 1548 569 1610 Harantius
593 1548 674 1609 dicit
692 1547 817 1610 nullum
834 1549 949 1608 edesse
972 1549 1080 1610 locum
1104 1548 1192 1624 apud
1208 1563 1325 1624 prosae

225 1654 400 1728 scriptores
429 1653 629 1725 Sallustium,
653 1655 824 1725 Velleium,
855 1654 1011 1725 Curtium,
1040 1654 1183 1714 Plinium
1207 1654 1327 1715 Secun-

225 1758 314 1836 dum,
349 1761 482 1822 Florum
515 1756 845 1836 Iustiniannmque1),
877 1776 984 1836 neque
1014 1761 1103 1836 apud
1130 1767 1242 1837 poetas
1270 1759 1326 1820 Oa·

224 1867 352 1944 tullum,
376 1867 568 1944 Vergilium,
598 1865 763 1944 Ovidium,
793 1867 987 1937 Phaedrum,
1013 1867 1161 1930 Persium
1189 1867 1326 1928 Iuvena-

224 1973 363 2047 lemque.
411 1971 545 2049 Contra,
581 1981 618 2033 ut
649 1989 756 2049 pauca
790 1989 829 2032 ae
862 1973 1030 2034 luculenta
1064 1988 1323 2043 commemorem,

224 2079 314 2154 apud
335 2079 486 2140 Plautum
509 2080 663 2141 undecim
687 2081 848 2156 exempla,
873 2081 907 2140 in
920 2079 1085 2141 ciceronis
1109 2078 1323 2156 oratIonlbus‚

224 2187 312 2260 quod
335 2186 474 2258 mireris,
498 2187 662 2258 undeeim‚
687 2188 722 2246 iu
745 2188 897 2247 omnibus
921 2187 991 2247 eius
1014 2187 1168 2262 operibus
1192 2185 1325 2246 circiter

224 2293 475 2370 quinquaginta,
503 2294 592 2368 apud
614 2293 802 2354 Lucretium
826 2293 946 2370 viginti
969 2296 1104 2368 septem,
1134 2293 1223 2368 apud
1252 2289 1326 2352 Gel-

223 2399 303 2458 lium
319 2399 543 2476 quadraginta
558 2407 711 2475 quattuor
734 2405 895 2476 apparent
906 2394 943 2474 ¹).
983 2397 1141 2459 Omnibus
1158 2399 1227 2458 iere
1243 2398 1325 2457 loeis

225 2504 409 2580 proximum
432 2507 572 2566 verbum
595 2523 615 2566 a
637 2507 745 2567 vocali
768 2507 894 2584 incipit,
918 2509 955 2567 ut
974 2506 1108 2567 elisione
1132 2505 1234 2565 nimia
1257 2519 1326 2565 cnr·

224 2613 389 2686 raptarum
415 2613 618 2688 syllabarum
641 2613 827 2688 frequentia
857 2613 1002 2673 deminui
1026 2611 1178 2688 potuerit.
1225 2607 1323 2686 spuo

223 2716 396 2778 Caesarem
428 2735 534 2794 pauca
566 2721 718 2795 exempla
751 2720 927 2780 habemus:
960 2714 1074 2800 qratia
1097 2712 1323 2798 diqnitateqae

223 2818 441 2905 amplificata,
466 2821 497 2886 6.
521 2821 572 2885 12.
591 2821 629 2886 6:
665 2823 950 2906 commodioreque
973 2822 1104 2903 itinere,
1128 2817 1322 2885 111.el.3=

218 2927 264 2990 ab
288 2927 440 2992 omnibns
463 2928 582 3012 tepolis
605 2934 851 3011 quaestoreqae,
875 2927 906 2991 6.
924 2926 978 2992 25.
995 2925 1027 2992 5.
1074 2931 1228 2992 Proximo
1251 2931 1323 2991 loen

222 3038 319 3098 lectio
353 3041 589 3117 qaaeetoroque
625 3032 733 3118 [codd.
763 3031 1067 3117 quaestor-ibasque]
1098 3055 1141 3096 ex
1170 3037 1324 3107 emenda

219 3130 311 3203 tione
333 3143 485 3206 Oiaeeoni
516 3147 648 3222 pendet,
682 3147 738 3221 qui
770 3152 860 3206 recte
882 3152 993 3205 monet
1025 3146 1060 3204 in
1083 3144 1223 3221 singulis
1252 3159 1323 3219 pro

221 3250 340 3310 vinciis
375 3250 521 3328 singulos
549 3253 650 3313 fuisse
685 3259 889 3328 quaestorem
926 3267 1023 3326 quam
1048 3251 1322 3328 emendationem,

221 3357 369 3433 plerique
392 3357 534 3418 editores
557 3366 761 3435 receperunt.
819 3357 1036 3418 Vieihaberus
1059 3361 1168 3418 autem
1191 3363 1224 3414 et
1247 3356 1322 3416 Hol-

222 3459 321 3522 derus
344 3464 447 3523 verba
470 3459 590 3545 leqalie
613 3461 906 3544 quaestoriaeque
928 3464 1024 3524 uncis
1046 3463 1260 3522 incluserunt.

328 3568 366 3628 In
388 3569 477 3629 Bello
494 3571 607 3630 Africo
631 3571 816 3646 frequentia
840 3571 954 3631 talium
978 3569 1249 3645 compositionum
1273 3576 1323 3629 est

221 3679 312 3735 tauta
344 3681 380 3734 ut
402 3676 438 3737 id
469 3693 571 3741 unum
600 3675 703 3740 libelli
736 3679 879 3738 maxime
912 3677 1081 3753 proprium
1108 3671 1321 3750 habeatur³):

220 3775 417 3860 deitateque
452 3799 577 3861 carere,
608 3779 669 3843 22.
698 3780 735 3843 2:
773 3780 1016 3862 acerbitateqae
1051 3797 1320 3860 commemorare,

220 3879 274 3944 26.
291 3881 327 3946 2ε
344 3883 639 3970 desperatioaeqae
655 3887 832 3961 oneratae,
849 3885 903 3950 32.
919 3886 1159 3970 ltnecesaeqae
1175 3883 1320 3967 haberet,

269 4109 287 4214 2·
328 4073 356 4140 1)
375 4073 451 4130 Item
475 4089 637 4146 perperam
662 4075 798 4130 nominat
823 4075 975 4130 orationes
995 4071 1157 4130 Ciceronis.
1195 4073 1249 4144 Op.
1270 4075 1317 4131 eit.

219 4177 248 4230 p.
287 4160 304 4215 6

306 4203 353 4315 Ι2)
372 4248 416 4306 Oi.
436 4249 551 4324 Merten
571 4269 599 4324 p.
618 4251 667 4319 22ς
696 4252 835 4321 Thomas,
856 4251 928 4308 Rev.
950 4251 988 4308 de
1009 4251 1082 4307 Phil.
1107 4251 1185 4320 1881,
1203 4268 1231 4321 p.
1251 4251 1319 4321 1³33

218 4335 345 4407 Dosson,
364 4338 438 4396 Rev.
457 4339 495 4395 de
514 4339 588 4395 Phil.
608 4341 686 4407 1890,
705 4357 734 4411 p.
753 4339 798 4396 68.
1146 4361 1148 4366 ’

268 4489 270 4495 .
330 4425 358 4492 3)
378 4426 422 4486 Oi.
441 4427 557 4500 Miiiler,
577 4429 717 4488 zeitschr.
737 4430 757 4484 1.
777 4431 805 4486 d.
826 4428 945 4500 Gymn,
963 4429 1043 4486 Wes.
1065 4427 1142 4497 1888,
1161 4445 1195 4502 ρ.
1209 4428 1270 4486 668.
