3138 5202
637 489 813 548 —51-

200 725 202 730 .
284 674 485 752 Epexegcsis
517 690 578 750 per
610 674 806 750 particulam
835 687 897 752 que
930 671 1019 748 apud
1055 685 1168 730 omnes
1202 667 1272 729 iere

180 783 353 858 scriptores
382 782 618 857 frequentatur.
664 781 789 855 Pauca,
804 780 956 854 exempla
978 778 1130 854 praebeo,
1155 781 1188 836 et
1211 775 1275 852 pri·

179 903 267 948 mum
296 888 538 947 enuntiatorum
567 887 858 964 explieativorunr:
899 877 951 944 Ab
981 878 1105 944 eisdem
1132 876 1273 943 consata

180 1007 327 1073 qaoque
348 988 386 1054 in
409 989 530 1054 castris
552 995 715 1074 peraretur
737 988 886 1053 hostibus
910 985 1092 1068 enuntiari,
1118 986 1147 1048 1.
1167 985 1218 1049 li.
1234 982 1273 1048 5:

179 1093 295 1158 vineoe
318 1113 418 1179 opere
440 1113 588 1178 quaeqae
612 1095 657 1159 od
682 1091 947 1180 oppapnundum
964 1091 1043 1156 usai
1066 1097 1163 1154 crant
1190 1103 1275 1161 com·

174 1195 1273 1284 pararecoeptt,2.12.3=sim.4.2t.1soromatas:

181 1305 209 1370 7.
227 1304 282 1370 81.
298 1305 330 1370 2.
346 1309 452 1371 Voces
469 1311 689 1386 explieativae
706 1327 765 1386 per
777 1325 839 1390 que
857 1309 1040 1369 addunturr
1053 1296 1275 1388 mapiatrattts

176 1411 422 1496 principesque,
444 1417 485 1476 11.
505 1411 609 1476 19.1:
636 1412 736 1478 daces
754 1411 1004 1496 principesque,
1020 1408 1052 1474 ὁ.
1069 1408 1124 1473 41.
1143 1409 1183 1472 i:
1207 1429 1275 1474 om·

180 1519 233 1582 nia
254 1517 360 1583 Italia
377 1507 591 1604 populusque
612 1515 1006 1595 Romanus‚111.12.2:
1029 1514 1276 1580 incentmodam

181 1631 326 1689 naturae
348 1623 630 1710 difficultatesque
653 1620 781 1706 hiemis,
798 1628 837 1687 A.
852 1621 907 1686 44.
927 1623 954 1684 1.

483 1912 521 1978 8.
546 1911 635 1993 Quo
658 1911 971 1981 adversativum.

182 2095 184 2102 ,
287 2057 395 2132 Atque
418 2057 452 2116 in
476 2072 516 2116 ca
538 2073 574 2117 re
601 2057 764 2134 particula
787 2073 850 2137 que
872 2074 946 2117 cum
970 2059 1004 2116 et
1024 2061 1057 2116 et
1080 2058 1180 2136 atque
1203 2071 1277 2117 con·

182 2161 281 2240 gruit,
309 2164 397 2238 quod
426 2177 501 2222 eum
525 2163 559 2222 vi
583 2164 794 2223 adversativa
817 2165 966 2234 insertur,
990 2163 1090 2237 idque
1114 2163 1275 2238 imprimis

182 2276 255 2346 post
277 2271 481 2332 enuntiatum
504 2267 742 2349 negativumi).
776 2270 875 2332 Ouios
898 2285 977 2331 usus
1000 2270 1142 2346 plurima
1166 2285 1277 2328 exem·

183 2376 239 2452 pla
261 2383 338 2436 sunt
363 2384 397 2436 et
419 2377 509 2455 apud
532 2379 614 2437 aiios
637 2378 813 2454 scriptores
837 2384 870 2436 et
893 2376 982 2452 apud
1005 2375 1189 2436 Caesarem.
1226 2375 1278 2435 Eil-

182 2497 292 2543 merus
315 2483 349 2542 in
365 2484 633 2560 inscriptionibus
648 2484 680 2543 ei
696 2484 943 2544 usitatissimum
959 2499 1041 2555 esse,
1064 2498 1126 2562 pas
1143 2479 1243 2542 semel
1252 2477 1277 2557 8)
1377 2560 1380 2569 Ι

183 2592 309 2648 tantum
341 2587 484 2648 inveniri
517 2591 624 2650 docet.
669 2589 771 2650 Porro
794 2589 873 2651 Cato
905 2595 938 2650 et
967 2588 1142 2650 Terentius
1173 2605 1278 2664 paene
1341 2581 1342 2586 ’

184 2708 312 2770 semper
327 2697 358 2755 ei
381 2696 571 2770 adnectunt,
588 2697 654 2757 sed
677 2698 765 2773 apud
789 2697 962 2773 plerosque
978 2712 1040 2777 pac
1056 2696 1145 2755 haud
1168 2713 1278 2757 rarum

183 2807 242 2873 est,
275 2817 374 2878 saepe
404 2803 502 2862 etiam
533 2809 660 2863 ceteras
683 2805 862 2879 particulas
885 2808 1028 2880 superat,
1052 2808 1088 2862 ut
1111 2801 1209 2861 facile
1232 2803 1279 2861 in·

183 2906 359 2984 tellegitur,
395 2915 567 2986 propterea
590 2909 677 2985 quod
701 2909 735 2970 in
759 2910 937 2969 enuntiatis
960 2926 1025 2968 non
1048 2907 1156 2967 minus
1180 2924 1277 2982 quam

182 3013 217 3072 in
251 3014 485 3094 vocibusque
519 3015 693 3074 contrariis
727 3015 914 3075 notionibus
956 3000 1195 3097 coniungendis
1230 3002 1279 3072 est

183 3119 346 3179 idoneum.
378 3101 443 3181 Sed
467 3121 508 3180 ne
532 3120 593 3180 hac
616 3137 651 3180 re
675 3121 771 3197 plura
794 3121 937 3196 satisque
961 3115 1074 3200 alibi⁵)
1100 3120 1278 3196 disputavi.

230 3413 231 3416 ¹
291 3372 318 3438 1)
338 3371 382 3428 Of.
402 3371 501 3428 Elmer
520 3391 548 3444 p.
568 3373 833 3445 308313a11as1p.
853 3375 900 3444 22;
926 3373 1041 3430 Merten
1061 3391 1089 3444 p.
1107 3375 1156 3444 383
1181 3371 1281 3428 Klam-

128 3491 130 3498 ·
184 3473 250 3514 mer
268 3476 296 3531 p.
316 3461 363 3530 193
389 3459 487 3532 Spitta
506 3479 535 3533 p.
554 3463 598 3517 38.
618 3461 800 3534 'Perperam
820 3461 997 3533 Draegerus
1017 3461 1064 3528 (ΙΙ.
1084 3479 1113 3533 p.
1131 3461 1177 3531 ta)
1197 3461 1281 3533 apud

185 3547 361 3604 Ciceronem
380 3549 466 3604 hunc
480 3565 569 3605 usum
588 3558 681 3621 negat
702 3557 831 3606 exstare.

293 3637 321 3704 2)
340 3635 542 3708 Nagelsbach,
560 3637 622 3694 Stil.
643 3643 658 3703 5
679 3640 737 3706 193,
760 3641 782 3693 1.
799 3642 842 3694 b.

182 3781 190 3788 ,
293 3725 321 3787 3)
341 3721 371 3780 C.
384 3724 405 3777 1.
416 3725 452 3778 L.
469 3725 531 3794 205,
549 3724 629 3780 XIX.
648 3727 675 3796 2.

292 3811 321 3881 4)
341 3811 385 3868 Cf.
404 3813 504 3868 Elmer
523 3830 552 3884 p.
571 3813 633 3868 309.

293 3900 478 3971 mupffi
