3138 5202
758 457 934 516 ..44-

296 751 334 820 3.
358 750 414 820 De
437 751 661 835 particulae
681 769 762 833 quo
782 751 982 820 adiectiva
1005 751 1281 837 coniungentls
1303 711 1391 818 usu.

403 915 514 974 Facile
538 915 684 992 intellegi
708 923 814 991 potest
830 901 1089 996 que'secundnm
1113 917 1249 976 eandem
1275 917 1392 992 legem,

297 1038 394 1096 quam
412 1023 445 1081 in
462 1023 739 1083 substantivorum
762 1024 997 1099 compositione·
1019 1011 1278 1093 observavimus,
1292 1009 1391 1098 ¹prac-

298 1129 377 1188 ferri
411 1130 529 1188 ceteris
561 1130 732 1206 particulis
765 1129 809 1189 ad
842 1129 1006 1190 adiectiva
1040 1130 1280 1208 coniungenda,
1317 1129 1393 1188 'cum

298 1236 481 1296 contrariae
515 1234 663 1295 notiones
694 1237 781 1296 inter
814 1253 847 1296 se
875 1225 1089 1312 opponantur.
1136 1236 1280 1296 Tantum
1303 1235 1394 1311 apud

298 1342 469 1403 Caesarem
499 1343 580 1402 haec
610 1342 664 1401 lex
688 1343 786 1414 valet,
814 1343 906 1402 utin
932 1343 1092 1403 eiusmodi
1115 1342 1337 1402 commissuris
1360 1344 1394 1402 et

297 1465 469 1524 nusquam,
494 1464 533 1510 oc
556 1465 631 1509 raro
654 1450 761 1510 locum
786 1451 920 1509 habeat:
945 1467 973 1510 e.
990 1467 1023 1527 g.
1047 1445 1181 1510 diurnis
1205 1446 1393 1510 nocturnis·

298 1571 370 1633 que,
396 1551 425 1615 l.
446 1549 498 1613 56.
521 1549 542 1614 3.
565 1577 572 1614 ι
599 1555 655 1616 ΙΙΙ.
677 1550 762 1615 13.1
790 1578 797 1616 =
822 1551 966 1636 publicis
984 1551 1205 1637 privatisque,
1234 1550 1393 1617 6.13.6;

299 1653 449 1740 [publica
473 1677 512 1721 cc
535 1659 680 1742 privata,
696 1655 727 1721 6.
745 1657 776 1721 3.
792 1656 846 1740 4];
871 1658 988 1723 divino
1011 1658 1233 1742 hamanaque,
1257 1664 1281 1722 1.
1300 1658 1331 1722 6.
1348 1658 1393 1723 8:

297 1760 438 1844 [dasiro
471 1784 511 1828 ac
542 1763 693 1840 sinistro,
720 1769 763 1828 11.
793 1763 844 1828 15.
872 1763 916 1847 3].
963 1770 1059 1828 Item·
1076 1770 1165 1844 apud
1189 1771 1394 1846 supplemen-

298 1881 402 1933 torum
428 1874 620 1950 scriptores:
644 1871 799 1935 secundis
821 1871 1033 1954 minimisque
1056 1872 1164 1950 rebus,
1189 1875 1272 1934 Hirt.
1292 1869 1393 1936 13.4:

293 1975 441 2060 publicis
470 1976 691 2061 privatisque,
721 1981 762 2040 Η.
785 1976 876 2040 422
901 2004 920 2040 ι-
934 1977 1055 2041 dextro
1087 1977 1303 2060 sinistroque,
1339 1981 1394 2041 Af.

302 2081 352 2145 13.
368 2081 409 2146 2:
435 2081 604 2166 [dostram
622 2103 673 2148 ‚ac
699 2083 875 2149 sinistrum
904 2103 1018 2157 corna,
1043 2088 1096 2148 Af.
1126 2082 1176 2147 13.
1205 2081 1245 2165 l].
1292 2088 1395 2147 Porro

299 2195 407 2252 autem
437 2195 602 2254 adiectiva
625 2194 828 2254 adfinitatem
856 2195 1150 2270 cognationemque
1174 2195 1259 2254 inter
1282 2210 1316 2252 se
1340 2195 1396 2252 ha·

298 2300 420 2370 bentia,
444 2301 580 2374 perinde
606 2308 704 2375 atque
729 2301 947 2378 substantiva,
975 2315 1037 2379 quc
1064 2301 1244 2376 particulae
1268 2300 1395 2370 favent,

299 2407 393 2466 cuius
416 2422 494 2466 usus
517 2407 677 2466 notissimi
702 2407 833 2467 adferre
857 2409 1009 2483 exempla
1032 2423 1097 2468 non
1121 2423 1256 2467 necesse
1279 2413 1338 2466 est.

337 2722 374 2788 4.
406 2722 463 2788 De
487 2724 707 2806 particulae
732 2743 814 2805 que
837 2741 927 2790 cum
950 2723 1247 2807 pronominibus
1269 2739 1355 2789 usu.
1438 2717 1442 2722 ’

407 2884 683 2960 Frequentissime
707 2889 795 2963 apud
818 2903 929 2948 omnes
953 2887 1127 2962 scriptores
1149 2887 1310 2962 particula
1333 2901 1397 2964 qne

301 2993 528 3067 pronominum
568 2994 789 3054 coniunctioni
831 3001 863 3054 et
905 2993 1109 3054 adiunctioni
1145 2992 1292 3052 inservit.
1350 2991 1398 3052 Ut

301 3077 406 3172 pauca
435 3098 552 3170 dicam,
586 3118 629 3158 ex
658 3101 867 3176 septuaginta
896 3100 1000 3159 tribus
1029 3100 1109 3158 locis
1137 3100 1194 3159 ubi
1218 3114 1280 3177 quc
1303 3113 1396 3158 usur-

301 3211 397 3278 patur
420 3205 453 3262 in
478 3205 634 3264 Varronis
657 3207 741 3266 libro
765 3207 812 3266 De
835 3207 881 3266 Re
906 3206 1049 3276 Rustica,
1085 3205 1222 3282 triginta
1245 3207 1321 3264 sunt
1344 3220 1395 3263 co·

302 3311 484 3385 pulationos
513 3311 672 3371 eiusmodi
682 3308 717 3387 ¹).
764 3313 910 3387 Itemque
935 3313 1022 3388 apud
1047 3311 1321 3388 Ciceronemque
1344 3323 1397 3369 ce·

301 3425 387 3476 teras
411 3417 588 3492 particulas
612 3418 709 3493 longe
733 3423 875 3493 superat.
913 3417 985 3476 Non
1002 3417 1097 3476 aliter
1118 3416 1205 3491 apud
1222 3413 1396 3475 Caesarem

302 3529 334 3581 et
357 3515 722 3582 Pseudo-Caesarianos.
770 3524 876 3598 Atque
909 3538 973 3609 quo
1005 3522 1135 3582 facilius
1165 3521 1288 3581 indicia
1321 3537 1396 3580 con·

302 3631 397 3704 gesta
419 3610 452 3686 in
474 3629 753 3704 comparationem
776 3635 957 3700 vocemus,'
983 3629 1062 3688 mihi
1097 3627 1396 3710 commodissimum

302 3734 434 3793 videtur
465 3735 499 3793 in
531 3736 594 3794 hac
625 3737 906 3796 commentationis
941 3742 1033 3813 parto
1068 3736 1164 3796 simul
1202 3736 1243 3794 de
1276 3734 1396 3794 ceteris

302 3840 472 3916 particulis
505 3845 700 3919 copulativis
729 3845 925 3920 disceptare.
972 3843 1131 3919 Incipiam
1154 3860 1174 3902 a
1197 3841 1396 3918 pronomini·

302 3947 364 4008 bus
387 3949 624 4023 personalibus.

411 4167 438 4236 l)
457 4165 500 4222 Cf.
520 4167 635 4223 Merten
655 4185 682 4238 p.
701 4168 745 4224 31.
