3138 5202
685 495 860 552 ..25-

151 663 155 669 ⁴
222 679 264 737 ds
287 695 323 738 re
346 679 484 756 Ring'ius
497 675 521 754 1)
554 686 636 748 cum,
662 679 733 755 ipse
764 696 881 755 perum
901 671 1062 739 'accurate
1091 680 1211 748 docuit,
1248 685 1317 739 tum

221 782 457 863 Dracgerum²)
493 787 526 846 in
550 787 860 858 erroreminduxit,
897 803 973 848 nem
1001 792 1137 862 uterque
1166 786 1318 848 omnibus
1399 812 1401 818 ·

222 893 272 952 his
296 893 384 968 apud
408 875 579 968 Caesonem
604 895 684 955 locis
708 895 798 972 dicit,
831 895 939 956 rtatim
963 911 1141 970 pronomen
1166 895 1275 969 excipi
1299 911 1319 953 6
1387 973 1390 980 .

223 1000 351 1074 copula.
398 1001 504 1060 Etiam
529 1002 612 1063 illud
637 1003 775 1081 dignum
799 1011 980 1086 memoratu
1003 1009 1062 1074 est,
1094 1003 1243 1078 copulam
1268 1018 1318 1078 ac,

222 1124 307 1182 quse
323 1108 481 1186 Draegori
506 1113 667 1170 sententia
691 1128 764 1172 raro
780 1111 866 1172 hanc
882 1112 1140 1171 conlocationem
1158 1111 1318 1181 admittet,

222 1219 310 1292 apud
334 1215 506 1277 Gaesarem
530 1219 663 1292 quidem
688 1235 792 1294 aequo
816 1236 913 1294 saepe
937 1226 1035 1293 etque
1060 1220 1090 1278 et
1113 1218 1265 1277 inveniri.
1308 1195 1310 1200 ’

330 1325 455 1385 Auctor
476 1325 559 1385 Belli
584 1326 689 1385 Africi
722 1327 852 1402 saepius
885 1341 943 1401 pro
972 1325 1121 1400 portione
1149 1325 1211 1384 hoc
1235 1325 1320 1385 locu·

222 1435 321 1520 tione·
335 1450 434 1508 quem
458 1433 577 1509 reliqui
602 1434 635 1492 hi
660 1434 837 1509 scriptores
860 1434 973 1503 utitur,
1001 1434 1144 1493 etenim
1168 1437 1320 1508 quattuor

223 1541 312 1600 locos
336 1540 489 1610 ostendit,
523 1545 622 1614 atque
653 1541 736 1600 adeo
764 1557 893 1615 quoque
926 1542 998 1601 loco
1031 1531 1181 1617 copulem
1211 1540 1319 1600 stetim
1350 1569 1351 1574 .
1414 1617 1417 1623 Ι

128 1675 131 1680 ·
218 1651 299 1706 ente
324 1647 535 1725 negationem
558 1647 659 1722 ponit.
698 1647 812 1722 Neque
829 1647 956 1708 Hirtius
979 1664 1085 1722 neque
1109 1653 1223 1707 auctor
1234 1646 1319 1707 Belli

121 1771 125 1776 ·
220 1754 441 1816 ‘Alexandrini
465 1753 595 1815 omnino
620 1755 704 1815 hanc
727 1755 924 1816 locutionem
944 1755 1040 1832 fugit,
1063 1755 1195 1830 parcius
1211 1761 1320 1814 tamen

222 1861 437 1921 admiserunt.

329 1961 376 2030 Et
405 1983 472 2028 non
502 1975 535 2028 61
565 1985 604 2029 00
633 1985 701 2029 non
729 1968 817 2029 haud
847 1985 921 2028 raro
950 1968 1037 2044 apud
1067 1968 1238 2028 Caesarem
1269 1985 1317 2046 00-

222 2082 370 2153 currunt,
407 2077 465 2135 scd
489 2091 551 2154 que
575 2119 582 2136 .
608 2121 615 2135 .
639 2091 707 2136 non
730 2093 796 2136 non
820 2075 929 2136 exstat
957 2077 1104 2150 exceptis
1134 2069 1319 2141 huiusmodi

224 2182 410 2242 sententiis:
447 2243 448 2246 ,

334 2282 416 2352 Crem
438 2305 473 2352 re
496 2306 622 2370 eoaque
645 2287 687 2351 ab
712 2285 759 2350 eis
775 2285 954 2371 defendere
971 2305 1038 2349 non
1049 2291 1198 2369 possent.
1224 2283 1320 2347 1.11.

217 2394 256 2470 2,
283 2400 340 2460 ubi
365 2400 483 2475 copula
506 2415 571 2459 non
595 2398 765 2459 enuntiate
790 2399 847 2457 sed
871 2399 967 2458 binas
990 2399 1024 2458 in
1043 2398 1198 2474 negativo
1222 2399 1320 2455 enun-

145 2588 147 2590 .
224 2507 305 2566 11610
339 2507 460 2582 positas
493 2506 641 2565 notiones
670 2507 755 2564 inter
785 2523 820 2564 se
848 2505 1026 2582 coniungit.
1074 2503 1137 2564 Sed
1161 2503 1245 2562 alius
1269 2519 1321 2580 ge·

225 2614 312 2673 neris
336 2618 412 2672 sunt
435 2612 468 2670 hi
492 2612 556 2674 loci
580 2627 661 2686 quos
684 2612 749 2673 iam
773 2627 1009 2670 commemoro:
1047 2631 1050 2638 ·

324 2715 502 2798 Opereqree
533 2713 693 2799 faciendo
725 2708 905 2778 militesne
930 2710 1219 2798 circumspiciendi
1255 2733 1321 2777 non

224 2822 392 2890 habebunt
412 2821 623 2907 facultatem.
647 2825 700 2884 Af.
717 2819 771 2883 47.
789 2820 820 2883 2.

332 2927 440 2992 Arme
464 2927 602 3012 capiunt
619 2930 799 3010 contraque
815 2945 925 3011 repere
940 2926 1055 3011 facere
1071 2946 1138 2990 ooo
1154 2917 1334 2994 debitunt.

225 3029 796 3099 Af.55.1=srm.85.3=n.41.5.

222 3171 225 3176 ⁴
333 3145 437 3222 Quem
460 3160 555 3204 nsum
585 3144 653 3202 fere
682 3143 816 3202 summis
841 3141 1055 3216 scriptoribus
1079 3138 1254 3212 alienum³i
1283 3161 1321 3202 eo

150 3257 155 3262 ’
225 3253 334 3312 miuus
357 3253 523 3320 miremur,
549 3251 637 3325 quod
660 3250 692 3310 in
707 3249 798 3309 Bello
816 3249 929 3309 Africo
954 3250 987 3306 61
1006 3247 1094 3306 Β6110
1111 3247 1321 3323 Hispaniensi

226 3359 379 3429 occurrit,
416 3373 500 3431 quae
524 3355 680 3431 opuscula
703 3355 917 3416 multifariam
946 3369 1126 3413 sermonem
1157 3354 1322 3429 plebeium

226 3463 397 3539 resipiunt,
437 3464 504 3537 qui,
538 3468 574 3521 ut
607 3478 705 3537 supra
735 3461 819 3532 dixi,
855 3460 1014 3536 imprimis
1050 3457 1230 3535 particulae
1260 3476 1322 3539 que
1401 3481 1402 3484 ¹

227 3572 326 3630 favet.
355 3562 404 3628 Ac
420 3584 487 3629 nou
504 3570 592 3644 apud
608 3566 964 3628 Pseudo-Caesarianos
980 3583 1047 3627 uno
1062 3567 1134 3626 loco
1150 3562 1321 3642 except04)

226 3687 293 3737 'non
317 3677 492 3736 invenitur.
529 3675 598 3734 Nec
622 3677 653 3734 et
676 3690 744 3734 non
768 3680 905 3750 apparet
928 3673 962 3731 in
978 3673 1069 3732 Bello
1086 3672 1320 3743 Alexandrino,

227 3799 288 3842 neo
312 3783 400 3857 apud
424 3781 576 3850 Hirtium,
609 3782 664 3855 qui
688 3780 821 3855 quidem
850 3784 952 3838 totum
977 3779 1038 3838 hoc
1063 3779 1193 3838 dicendi
1218 3795 1322 3855 genus

227 3895 259 3946 et
286 3888 475 3965 negativam
500 3889 745 3948 commissuram
775 3885 870 3963 fugit,
900 3884 957 3943 1116
986 3901 1053 3944 una
1082 3885 1242 3944 sententis
1266 3903 1321 3945 ex·

334 4160 361 4214 li
382 4176 409 4230 p.
431 4160 472 4214 14.
672 4160 757 4228 2)11.
778 4177 804 4231 p.
824 4161 849 4215 9.

332 4249 362 4316 3)
381 4247 540 4318 Mertenus,
560 4266 589 4320 p.
611 4250 651 4317 li,
671 4249 771 4305 adfert
791 4249 867 4305 duos
886 4251 967 4304 locos
988 4246 1148 4316 Ciceronis,
1174 4247 1212 4304 de
1231 4247 1279 4324 Or.
1300 4247 1321 4301 I.

227 4339 242 4400 ξ
261 4335 304 4404 22,
324 4337 363 4391 de
381 4336 445 4393 Pin.
464 4336 498 4392 V.
518 4341 533 4402 1
552 4337 594 4392 26.
954 4335 957 4340 ⁴

333 4421 522 4492 duffii
