3138 5202
660 519 836 576 ..41-

199 699 414 784 laticumque,
444 696 475 762 l.
501 697 551 762 16.
576 697 611 762 3:
636 703 749 777 ⁴multa
774 704 849 762 alia.
896 689 1128 779 supplementa
1157 700 1291 776 quidem

198 809 346 878 Caesaris
370 810 431 868 hac
455 827 489 868 re
513 825 668 886 inagnum
691 809 777 876 inter
800 825 835 868 se
855 809 1106 884 discrepantiam
1124 809 1290 876 exhibent.
1364 841 1366 844 -

199 917 324 978 Hirtius
348 917 429 976 hacc
452 923 578 976 tantum
603 917 754 994 exempla
778 917 929 996 praebete
953 911 1224 995 calliditatisque,
1240 908 1291 973 16.

197 1018 235 1084 3:
257 1019 562 1105 funditoribusque,
587 1017 641 1082 40.
655 1017 693 1094 5,
717 1018 1044 1104 depopulandosque,
1061 1016 1165 1090 2442
1190 1015 1292 1093 latua

198 1126 434 1209 unionumque,
463 1124 594 1189 3211:
619 1125 976 1208 animaduerteretque,
1001 1123 1054 1190 33.
1082 1124 1115 1202 1;
1148 1130 1291 1202 itemque

197 1239 310 1297 auctor
334 1237 416 1296 Belli
440 1236 657 1314 Alexandrini
688 1253 809 1312 pauca:
826 1281 828 1284 -
848 1228 1139 1316 Cappadociaque,
1174 1228 1228 1292 34.
1252 1228 1291 1292 2ε

170 1343 173 1348 “
198 1339 542 1422 consuetudinemque,
567 1338 671 1402 65.1;
696 1338 984 1424 difficultatisque,
1009 1337 1062 1401 60.
1076 1335 1113 1418 ir:
1140 1336 1292 1411 coniunc-

110 1481 113 1486 ·
197 1446 436 1530 tissimumque,
448 1445 502 1522 41.
515 1444 549 1508 3:
571 1443 833 1531 fidelissimique,
845 1443 900 1509 43.
914 1447 950 1526 23
975 1449 1171 1524 paucissima
1184 1455 1293 1507 autem

198 1565 310 1617 auctor
326 1556 407 1614 Belli
425 1556 661 1637 Hispaniensis,
686 1557 752 1632 qui,
777 1573 852 1617 cum
876 1557 997 1635 alioqui
1021 1555 1187 1628 liberrime
1205 1553 1293 1613 voci·

197 1664 258 1722 bus
282 1663 400 1722 minus.
413 1678 511 1737 quam
528 1670 684 1738 quattuor
699 1663 900 1738 syllabarum
917 1677 979 1741 que
995 1663 1158 1732 adnectat,
1183 1668 1292 1719 tamen

198 1786 261 1828 non
286 1771 386 1829 habet
409 1770 472 1828 nisi
498 1770 670 1830 duodecim
695 1770 847 1844 exempla
870 1749 945 1828 talis
969 1769 1000 1828 in
1019 1767 1172 1843 quattuor
1196 1767 1292 1854 sylla-

197 1877 313 1934 barum
329 1876 467 1936 vccibus
485 1876 728 1951 compositionis
753 1883 785 1934 et
808 1876 873 1935 duc
897 1877 931 1934 in
948 1875 1091 1950 quinque
1102 1869 1136 1947 ¹),
1173 1871 1293 1932 Contra

197 1999 236 2041 ea
266 1984 301 2041 in
326 1983 417 2041 Bello
441 1983 553 2042 Africo
587 1983 669 2041 tales
703 1983 935 2040 commissurae
968 1980 1110 2039 maxime
1143 1980 1292 2053 frequen-

197 2093 321 2147 tantur:
347 2083 678 2167 easultutionemque,
692 2073 817 2146 31.'1o=
841 2082 1177 2164 incolumitatemque,
1189 2079 1242 2143 45.
1257 2080 1291 2143 2:

194 2188 568 2273 pollicitationibusque,
593 2187 646 2256 35.
671 2188 709 2254 2ε
735 2188 1084 2272 adversariorumque,
1108 2185 1161 2250 61.
1186 2185 1224 2249 6:
1260 2200 1292 2250 et

196 2300 337 2373 saepius,
374 2301 461 2374 quod
492 2299 642 2358 additum
673 2299 802 2376 signum
834 2305 884 2358 est
911 2299 1101 2374 proprietati
1135 2297 1292 2358 orationis

196 2421 281 2479 quae
304 2407 390 2466 hunc
414 2406 562 2465 libellum
586 2405 771 2482 distinguit.
899 2397 902 2402 ’

97 2779 100 2786 .
195 2726 231 2790 2.
244 2725 300 2792 De
313 2726 535 2808 particulae
550 2743 632 2805 que
644 2726 904 2793 substantiva
917 2725 1192 2810 coniungentis
1205 2742 1291 2791 usu.

534 2905 563 2946 a.
593 2887 721 2946 Binae
745 2889 951 2947 notiones.

215 3065 218 3071 .
301 3011 395 3070 Ratio
419 3027 504 3085 quae
528 3011 702 3070 interduo
726 3011 933 3072 substantiva
952 3011 1135 3070 intercedat
1152 3011 1291 3085 quadru-

195 3116 271 3190 plex
296 3108 356 3186 est,
379 3133 455 3176 nam
479 3120 536 3177 aut
559 3117 853 3190 contrariae.iuter
877 3133 911 3175 se
929 3124 1004 3176 sunt
1020 3133 1072 3176 res
1089 3117 1291 3192 designatae,

194 3223 397 3302 velataque
421 3222 586 3303 terraque,
611 3224 669 3283 ΙΙΙ.
697 3219 747 3284 ll.
772 3217 803 3292 3,
840 3231 897 3282 aut
920 3224 1042 3282 similes
1067 3231 1291 3299 cognataeque

194 3329 285 3387 velut
308 3325 442 3389 comites
463 3325 730 3410 familiaresque,
755 3323 787 3387 6.
811 3325 866 3399 20.Ι
889 3323 942 3406 31,
968 3336 1024 3389 ant
1048 3329 1210 3404 diversae,
1246 3330 1292 3387 ita

194 3439 303 3493 tamen
332 3442 368 3494 ut
396 3435 492 3494 tertia
521 3437 610 3495 notio
640 3437 802 3512 cogitetur
832 3452 916 3510 quae
947 3442 1118 3509 utramque
1148 3451 1291 3509 compre·

194 3539 324 3610 hendat,
350 3542 440 3600 velut
460 3538 594 3601 senatui
607 3536 798 3621 populoque
811 3538 975 3618 Romano,
992 3543 1017 3600 Ι.
1032 3535 1062 3600 9.
1075 3535 1107 3612 5,
1131 3547 1188 3599 aut
1204 3557 1290 3616 pror·

194 3661 249 3704 sus
273 3647 419 3714 dissitas,
467 3647 625 3723 Quartum
649 3664 764 3724 genus,
797 3649 830 3707 in
856 3664 919 3722 quo
944 3649 1062 3723 copula
1083 3664 1192 3706 merae
1217 3665 1291 3708 enu-

193 3753 365 3813 merationi
389 3755 536 3823 inservit,
573 3760 640 3813 tam
664 3754 808 3813 alienum
839 3736 891 3813 est
918 3755 1049 3829 proprio
1079 3770 1214 3814 munere
1245 3756 1291 3814 in-

194 3859 332 3933 doleque
356 3861 536 3934 particulae
560 3860 668 3936 huius,
693 3861 746 3932 cui
762 3860 908 3919 maxima
923 3860 1134 3919 devinciendi
1150 3861 1291 3920 facultas

193 3970 251 4035 est,
287 3971 324 4024 ut
356 3967 486 4042 exiguis
520 3982 599 4026 sane
627 3967 748 4027 linibus
780 3969 980 4036 coerceatur,
1016 3982 1092 4024 nam
1116 3967 1197 4026 haec
1220 3983 1291 4041 prc-

192 4070 312 4140 rincia,
337 4079 373 4132 ut
396 4068 533 4149 supra')
557 4081 606 4132 cst
630 4073 900 4143 demonstratum,
925 4075 956 4132 et
973 4073 1152 4148 particulae
1169 4074 1289 4132 evenit.

299 4338 327 4408 1)
346 4339 653 4409 crudelissimumque,
674 4340 715 4395 15.
735 4339 752 4392 6
772 4360 778 4393 :
798 4301 1066 4412 adversariosque,
1084 4341 1127 4396 31.
1148 4341 1172 4396 7.

211 4481 215 4488 .
302 4426 331 4496 2)
350 4442 378 4499 r·
399 4427 454 4505 ⁷0,
501 4497 505 4507 ,
586 4495 589 4504 .

270 4501 275 4509 ,
299 4495 303 4504 ι
