3138 5202
488 1314 522 1394 Ι.
551 1313 864 1398 Prooemium.

235 1529 365 1587 Abhinc
393 1530 462 1588 fere
492 1529 610 1606 viginti
638 1546 752 1600 annos,
788 1529 974 1605 Draegerus
998 1545 1072 1588 cnm
1096 1529 1224 1588 notissi-

127 1650 218 1693 mum
241 1635 373 1705 librum,
398 1636 454 1709 qni
477 1635 669 1695 inscribitur
695 1636 916 1715 ,Historische
934 1634 1061 1710 Syntax
1086 1636 1145 1694 der
1168 1635 1224 1694 La·

128 1741 310 1800 teinischen
329 1738 506 1817 Sprache“‚
531 1742 705 1818 emitteret,
730 1757 794 1800 non
819 1743 888 1801 sine
911 1757 1011 1800 cansa
1026 1741 1225 1815 querebatur

127 1849 162 1905 in
187 1847 338 1924 ingressu
362 1844 515 1923 capitis1)
541 1849 582 1907 de
610 1849 789 1925 particulis,
823 1865 888 1907 non
920 1847 1130 1924 suppeditare
1160 1863 1224 1906 ma·

129 1953 246 2011 teriam
264 1959 417 2012 accurate
434 1956 630 2029 exquisitam
649 1962 681 2013 et
697 1961 807 2030 aptam
824 1956 867 2014 ad
890 1955 976 2014 hanc
999 1970 1067 2013 rem
1091 1954 1225 2013 uberius

129 2058 300 2132 fusiusque
330 2059 571 2135 disputandam.
618 2061 669 2120 Ex
699 2078 762 2135 quo
796 2064 941 2141 tempore
974 2068 1082 2119 tamen
1115 2075 1225 2118 recen·

129 2164 230 2223 tiores
253 2166 428 2225 multorum
453 2167 622 2226 doctorum
651 2168 693 2225 ad
722 2167 922 2242 antiquiores
946 2166 1065 2236 Handi,
1090 2164 1225 2241 Spittae,

129 2270 262 2341 Ballasi,
296 2272 486 2356 Klammeri,
519 2269 722 2350 Ringiquet)
752 2273 880 2332 libellos
910 2278 1128 2332 accesserunt.
1175 2272 1226 2330 Ex

130 2377 250 2452 quibus
275 2377 460 2454 dignissimi
490 2385 671 2439 memoratu
695 2382 770 2438 sunt
793 2380 842 2438 hi:
879 2381 996 2450 Elmer,
1031 2379 1101 2438 'Phe
1125 2377 1226 2454 Oopu·

130 2483 232 2542 latire
256 2484 414 2543 Particles
438 2501 510 2563 quc,
535 2486 575 2562 et,
600 2487 698 2564 atquc
726 2486 760 2543 in
785 2486 839 2545 the
868 2485 1082 2560 Inscriptions
1109 2485 1147 2542 of
1171 2485 1226 2544 the

131 2589 304 2666 Republic,
328 2591 362 2649 in
386 2591 533 2651 Terence
557 2593 623 2651 and
650 2592 683 2650 in
708 2591 796 2663 Cato,
833 2592 1005 2652 American
1031 2591 1169 2652 Journal
1193 2591 1230 2649 of

131 2697 304 2774 Philology
331 2691 430 2770 1887;
465 2698 600 2768 Merten,
627 2697 675 2757 De
698 2697 937 2756 Particularnm
961 2697 1226 2773 copulativamm

132 2805 222 2878 apud
238 2804 372 2863 Veteres
395 2805 616 2865 Romanorum
639 2805 820 2881 Scriptores
843 2805 923 2881 Usu,
947 2804 1115 2881 Marpurgi
1130 2796 1225 2862 1893.

133 2910 185 2969 Ad
208 2911 266 2969 hos
290 2911 383 2970 multi
407 2911 462 2968 alii
486 2911 574 2970 docti
598 2912 722 2986 aliquid
747 2912 823 2970 huic
846 2911 894 2970 rei
918 2911 952 2968 in
974 2911 1074 2970 variis
1098 2911 1227 2986 scriptis

133 3015 340 3093 philologicis
373 2999 563 3077 attulerunt.
609 3017 704 3077 Nunc
733 3033 812 3077 vero
844 3017 961 3075 harum
993 3017 1227 3093 particularum

132 3140 210 3184 usus
245 3124 279 3182 in
312 3124 360 3182 rei
393 3125 546 3198 publicae
579 3124 848 3200 inscriptionibus
881 3130 913 3182 et
944 3123 1032 3198 apud
1065 3123 1227 3191 Plautum,

133 3229 298 3307 Catonem,
323 3231 524 3302 Terentium,
542 3231 733 3307 Varronem,
758 3232 933 3290 Auctorem
957 3230 999 3287 ad
1017 3228 1227 3298 Herennium,

132 3335 333 3408 Ciceronem,
368 3335 534 3409 Senecam,
568 3337 784 3411 Tacitumque
808 3336 938 3411 copiose
968 3335 1136 3410 expositus
1168 3341 1227 3392 est.

132 3443 230 3518 Apud
261 3442 433 3502 Caesarem
466 3451 575 3502 antem
609 3460 688 3503 usus
720 3444 864 3502 nondum
898 3442 977 3500 satis
1009 3447 1163 3500 accurate
1196 3447 1228 3500 et

132 3550 285 3608 uberiore
313 3549 533 3624 disputatione
562 3552 731 3620 tractatus,
767 3551 855 3625 apud
878 3546 1229 3608 Pseudo-Caesarianos

133 3657 310 3732 scriptores
334 3672 374 3714 ne
399 3662 506 3716 tactus
533 3657 666 3730 quidem
696 3663 754 3715 est.
802 3656 915 3731 Itaque
943 3670 1062 3730 operae
1088 3655 1229 3728 pretium

133 3779 205 3821 esse
240 3763 406 3840 putabam,
443 3763 471 3820 si
503 3761 675 3821 Caesarem
710 3769 742 3820 et
770 3760 1122 3821 Pseudo-Caesarianos
1154 3761 1229 3818 scri-

133 3875 243 3945 ptores
276 3885 374 3942 quam
407 3869 652 3929 accuratissime
685 3875 919 3944 perscrutarer,
955 3873 1001 3937 ut,
1035 3882 1116 3940 quas
1140 3866 1229 3942 leges

134 3976 196 4034 hac
220 3977 252 4034 in
275 3993 310 4035 re
335 3977 438 4036 secuti
462 3982 578 4042 essent,
602 3975 790 4034 describere
813 3989 957 4049 possem3
982 3979 1015 4031 et
1037 3989 1101 4032 non
1126 3971 1229 4030 solum

134 4083 196 4141 hoc
219 4082 277 4140 sed
302 4082 399 4141 etiam
424 4083 505 4141 alios
523 4083 708 4157 scriptores,
733 4081 880 4156 quiante
897 4085 952 4138 aut
968 4085 1041 4154 post
1058 4077 1229 4138 Caesarem

243 4302 270 4368 l)
290 4317 337 4371 op.
357 4303 406 4356 cit.
425 4300 462 4354 ΙΙ.
482 4317 510 4371 p.
531 4300 555 4353 1.

240 4390 419 4461 bapt
607 4405 610 4412 ’
