3138 5202
807 454 981 512 -14..

346 636 535 697 discrimine
558 639 705 698 utuntur.
751 636 843 698 lnior
865 636 1091 713 comparativa
1122 652 1184 718 pac
1217 653 1346 714 semper
1374 637 1440 696 fere

345 749 481 820 ponunt.
528 742 618 803 Inter
641 743 842 818 superlativa
869 743 924 802 iiie
954 757 1026 821 qao,
1062 743 1116 802 hic
1145 744 1306 818 quidquid
1336 745 1441 819 piacet

345 849 471 908 scribit.
518 849 568 908 Ex
592 849 681 908 Bello
706 849 818 909 Africo
846 849 960 910 adiero
989 866 1142 910 numeros
1170 850 1246 910 hose
1282 851 1369 912 inter
1393 866 1441 924 po

346 956 446 1014 sitiva
470 956 501 1014 et
521 948 553 1025 6,
577 970 640 1034 pac
660 949 713 1024 24,
738 957 837 1034 atque
853 951 919 1030 (ac)
946 950 980 1026 73
1005 955 1090 1014 inter
1113 949 1337 1032 comparativa
1359 958 1393 1016 et
1411 952 1441 1027 1;

346 1062 433 1120 iuter
456 1062 656 1136 superlativa
680 1076 741 1140 quc
765 1056 797 1120 4.
846 1060 995 1136 scriptor
1017 1059 1101 1120 Belli
1126 1060 1351 1137 Hispaniensis
1377 1068 1442 1120 teu-

345 1171 414 1226 tum
438 1167 534 1226 modo
567 1167 738 1242 particulis
765 1168 797 1227 et
825 1174 857 1226 et
885 1182 946 1246 quc
971 1168 1014 1226 ad
1037 1166 1267 1243 coniungenda
1298 1168 1384 1226 inter
1410 1183 1441 1226 sc

345 1273 509 1332 adiectiva
537 1273 650 1348 utitur,
684 1281 716 1332 et
739 1273 786 1332 ita
808 1278 845 1332 ut
867 1287 929 1351 quc
957 1272 1008 1332 bis
1036 1279 1126 1332 tanto
1153 1273 1353 1348 praevaleat.
1401 1273 1443 1332 Ut

346 1380 484 1438 verbum
517 1379 558 1436 de
591 1378 730 1438 aliorum
762 1379 957 1454 scriptorum
986 1394 1048 1440 usu
1076 1378 1206 1448 addam,
1241 1379 1406 1438 Mertouus
1420 1375 1442 1450 ¹)

345 1484 457 1556 docuit
480 1484 671 1554 Varronem,
704 1483 1063 1554 Pseudo-Cornificium,
1096 1484 1285 1546 Ciceronem
1315 1485 1348 1544 in
1384 1486 1443 1544 hoe

345 1607 436 1650 suam
454 1607 616 1666 quemque
641 1591 745 1667 legem
770 1591 873 1666 sequi,
898 1593 985 1666 quod
1009 1592 1095 1651 idem
1114 1587 1294 1666 ulmetum)
1319 1591 1360 1650 de
1385 1591 1442 1650 'Pe-

345 1697 450 1756 rentio
474 1705 507 1754 et
530 1695 652 1758 Catone
676 1698 772 1756 dixit.

629 1873 662 1930 b.
692 1872 744 1932 De
769 1873 971 1932 adiectivo
997 1866 1157 1932 multus.

450 1996 553 2073 Volgo
578 1996 700 2056 dicitur
724 1997 750 2056 si
775 1997 980 2058 substantivo
1013 1998 1071 2056 uni
1102 1997 1167 2056 duo
1197 1997 1363 2057 adiectiva
1390 1997 1443 2054 tri·

344 2104 497 2177 buantur,
522 2119 659 2177 quorum
684 2104 774 2177 prius
798 2104 840 2161 sit
863 2098 1000 2173 malias,
1026 2104 1111 2162 inter
1133 2103 1215 2163 haec
1239 2104 1442 2163 intercedere

345 2210 538 2284 particulam
575 2211 615 2268 et.
672 2209 796 2269 Tamen
832 2212 912 2270 satis
949 2211 1207 2270 demonstratum
1244 2216 1293 2269 est
1328 2210 1442 2268 eodem

345 2316 441 2375 modo
465 2316 607 2389 reliquas
635 2317 824 2391 particulas,
861 2318 959 2390 atque
983 2317 1238 2395 imprimisque,
1274 2333 1338 2376 nou
1367 2331 1442 2374 raro

345 2421 507 2495 usurpari.
561 2422 658 2498 Apud
690 2420 880 2482 Ciceronem
913 2422 1018 2481 multa
1050 2423 1146 2482 huius
1178 2439 1256 2482 usus
1289 2423 1443 2499 exempla

345 2523 507 2601 adeunti).
553 2529 652 2603 Apud
676 2526 847 2588 Caesarem
873 2544 950 2587 vero
974 2528 1100 2588 nulium
1123 2529 1181 2588 ubi
1206 2530 1236 2590 ei
1260 2529 1443 2588 intercedat

344 2635 453 2692 locum
471 2635 614 2693 invenio.
660 2634 889 2694 Persarutatus
913 2637 1014 2694 totam
1039 2636 1211 2695 materiam
1234 2635 1315 2694 haec
1338 2635 1442 2694 habeo
1519 2643 1520 2656 ¹

346 2742 514 2817 exempla:

452 2842 567 2908 maltis
590 2841 842 2928 inp-cutibusque
866 2843 998 2926 taralis,
1022 2842 1178 2922 4.10.4;
1202 2842 1319 2908 maltis
1333 2842 1442 2929 praei-

345 2950 468 3033 baaqac
491 2947 692 3029 volneribus,
716 2945 747 3012 2.
765 2949 818 3014 25.
839 2951 871 3027 lt
895 2951 1012 3035 maput'
1037 2949 1197 3034 multique
1212 2998 1241 3013 ..
1266 2949 1378 3031 colles,
1403 2955 1441 3014 A.
1518 2993 1519 3000 1

347 3055 399 3120 72.
417 3056 452 3136 2;
476 3055 599 3122 maltos
621 3057 798 3141 eamusque
821 3059 963 3133 morbos,
985 3065 1023 3121 A.
1040 3057 1072 3122 5.
1089 3058 1121 3121 2.

676 3271 705 3314 a.
752 3253 804 3313 De
828 3255 1110 3314 numeralibus.

452 3379 541 3436 Inter
570 3377 801 3453 grammaticos
831 3383 967 3446 constat,
1001 3378 1028 3435 si
1057 3379 1238 3437 numeralia
1261 3377 1443 3438 cardinalia
1517 3435 1518 3462 ¹

345 3484 484 3547 monade
508 3491 540 3541 et
564 3483 688 3542 decade
705 3482 884 3556 composita
907 3483 981 3550 sint,
1006 3483 1216 3557 praecedenti
1240 3485 1373 3544 monadi
1390 3485 1442 3542 de·
1517 3463 1518 3476 ¹

345 3589 460 3648 cadem
484 3589 571 3648 adici
594 3605 653 3664 per
676 3589 716 3659 ci,
741 3589 829 3661 quod
853 3583 956 3646 omitti
980 3589 1007 3646 si
1024 3589 1182 3647 decadem
1206 3594 1370 3660 sequatur.
1411 3591 1442 3650 Si

346 3697 389 3754 ad
412 3696 503 3753 milia
526 3694 668 3752 minores
691 3694 818 3752 numeri
842 3693 1012 3769 accedant,
1037 3694 1094 3751 hos
1116 3693 1219 3768 sequi,
1243 3695 1441 3766 praecedere

345 3801 412 3859 ilia.
458 3800 525 3858 Has
554 3801 643 3877 leges
667 3798 787 3858 Caesar
816 3800 885 3857 iere
909 3799 978 3856 sine
1003 3798 1196 3873 exceptione
1226 3806 1356 3858 secutus
1382 3808 1440 3860 esi.

345 3925 373 3966 e.
398 3923 435 3983 g:
471 3902 618 3966 duarum
642 3907 672 3964 et
695 3898 840 3983 eripiatis
866 3898 896 3961 i.
921 3897 974 3962 65.
1002 3902 1034 3962 l:
1068 3906 1229 3983 quattuor
1257 3907 1288 3964 ct
1311 3901 1440 3986 vipiati,

348 4008 376 4070 1.
398 4007 452 4070 41.
478 4006 514 4070 5:
543 4006 663 4090 aipiatt‘
686 4005 764 4084 trio,
790 4004 819 4068 i.
844 4003 897 4067 69.
925 4006 956 4066 l:
985 4025 1060 4070 cam
1082 4006 1202 4090 viciati
1225 4007 1368 4090 quiaque
1391 4029 1440 4073 co·
1515 4087 1516 4093 ἵ

454 4194 677 4265 Ὁμῆμη

327 4311 331 4317 ·
452 4284 481 4351 2)
502 4300 529 4353 p.
548 4283 609 4338 321.

452 4371 481 4439 3)
499 4371 615 4427 Merteu
633 4389 662 4444 p.
683 4373 724 4429 10.
