3138 5202
943 409 959 440 s

788 458 963 519 ..10-

436 659 526 723 apuu
549 644 648 723 cipue
671 637 752 724 ipui,
776 637 806 702 6.
822 636 876 702 44.
893 635 925 702 3.

351 773 353 780 ,
435 745 574 831 flumine
598 752 697 830 cique
719 745 885 819 incendio,
912 744 941 810 i.
957 743 1011 808 56.
1029 743 1060 808 6.

434 853 572 938 sriporu
595 858 693 936 atquc
717 858 839 928 aestua,
864 850 895 916 6.
912 851 966 918 22.
982 849 1025 916 3.

366 959 882 1042 ,Μωὼᾞηι

439 1065 493 1130 die
516 1085 556 1130 aa
579 1072 684 1147 uocis,
708 1069 767 1130 HI.
784 1064 836 1130 36.
855 1063 885 1129 6.

437 1191 611 1237 seruorum
634 1192 674 1236 ac
697 1171 889 1254 liberorum,
906 1175 963 1236 III.
982 1170 1035 1235 32.
1053 1172 1088 1237 2:
1113 1170 1166 1236 80.
1183 1172 1215 1236 3.

421 1284 517 1345 Unde
549 1281 759 1343 manifestum
790 1291 839 1342 est
867 1281 1148 1363 particulamque
1179 1285 1427 1344 usitatissimam

332 1406 414 1460 esse,
445 1383 605 1465 scriptore
628 1391 710 1450 Belli
733 1390 961 1466 Hispaniensis
984 1402 1133 1466 excepto,
1164 1391 1252 1466 apud
1277 1407 1373 1466 quem
1398 1392 1428 1450 ci

332 1497 539 1572 praevaleam
563 1497 683 1556 deinde
707 1498 795 1573 apud
813 1496 984 1558 Caesarem
1008 1513 1103 1558 usum
1127 1497 1309 1572 particulae
1330 1497 1428 1575 cipue
1533 1577 1534 1580 Ἴ

332 1597 396 1678 (oc)
421 1603 490 1663 fare
513 1618 649 1663 numero
673 1620 744 1664 esse
768 1619 891 1680 parem.
939 1603 1007 1661 Nec
1031 1611 1080 1662 est
1103 1603 1427 1678 praetermittendum

334 1709 432 1788 utque
454 1705 520 1784 (uc)
544 1710 634 1785 apud
657 1718 783 1770 ceteros
808 1710 983 1785 scriptores
1007 1709 1040 1767 in
1064 1709 1186 1768 talibus
1210 1709 1428 1770 locutionibus

334 1831 398 1873 non
421 1831 573 1874 mvemn.

670 2003 698 2046 c.
723 1985 890 2046 Nomina
918 1986 1093 2062 propria.

423 2107 593 2186 Ringius1)
626 2118 716 2171 recte
749 2112 951 2170 demonstrat
975 2111 1115 2187 propriis
1144 2111 1331 2170 nominibus
1353 2107 1430 2169 Cae·

335 2231 442 2274 sarem
470 2216 631 2277 ausuum
656 2217 828 2277 arbitrium
852 2217 1010 2278 adhibere
1034 2218 1168 2292 copulas
1191 2217 1308 2276 videri.
1348 2215 1430 2276 Nam

335 2337 432 2380 ecce:

442 2413 661 2507 Epor-adoria
684 2433 715 2490 et
735 2424 979 2501 Viridomarus,
997 2424 1025 2489 7.
1041 2424 1094 2490 38.
1111 2426 1142 2490 2.

443 2529 661 2613 Eporedoriu
684 2531 990 2615 Viridomarusque,
1009 2531 1037 2595 i.
1055 2529 1109 2595 55.
1125 2530 1157 2596 4.

444 2657 465 2700 u
489 2636 701 2730 Viridomaro
725 2643 825 2722 atque
848 2637 1090 2724 Eporedoripa
1116 2636 1144 2701 i.
1162 2637 1215 2702 54.
1236 2639 1264 2701 l.

426 2747 551 2807 Tamen
575 2749 731 2823 inspicias
754 2749 852 2808 valim
879 2764 1030 2809 numeros
1056 2748 1114 2808 hos
1142 2749 1185 2808 ad
1213 2747 1432 2822 frequentiam

338 2871 380 2912 ex
404 2855 647 2928 comparatione
673 2855 909 2915 ostendendam
932 2857 1122 2932 copularum
1139 2855 1342 2932 singularum
1359 2870 1433 2914 con·

338 2960 455 3020 lectos:

610 3052 642 3111 et
802 3067 864 3131 que
1034 3053 1133 3130 utque
1152 3042 1219 3130 (uc)
1312 3085 1314 3090 -

498 3156 588 3220 Caes.
609 3151 652 3217 95
813 3151 857 3216 50
1094 3149 1138 3214 34

499 3264 582 3323 Hirt.
629 3258 651 3320 4
834 3257 855 3320 3
1091 3291 1137 3302 -

499 3370 538 3428 A.
635 3362 652 3427 7
838 3363 858 3427 8

500 3477 553 3533 Af.
614 3469 655 3533 15
839 3467 858 3532 6

501 3581 542 3640 Η.
633 3575 653 3638 6
841 3576 856 3637 1
1095 3607 1140 3618 -·
1526 3615 1527 3688 ἰ

447 3688 542 3749 Unde
566 3694 703 3763 apparet
726 3687 814 3763 apud
838 3701 950 3745 omnes
974 3684 1170 3759 particulam
1195 3685 1227 3741 et
1251 3682 1347 3755 longe
1370 3685 1438 3742 usi·

341 3795 534 3853 tutissimam
567 3809 648 3861 csse,
686 3794 784 3871 atque
816 3791 950 3851 minime
985 3791 1154 3866 uolgarem
1190 3787 1217 3845 si
1253 3785 1438 3859 excipimus

341 3898 521 3960 Gaesarem.
570 3898 716 3958 Accedat
748 3913 878 3972 quoque
911 3905 947 3954 nt
977 3895 1062 3953 inter
1092 3893 1225 3952 nomina
1253 3891 1437 3965 consulum,

341 4023 425 4080 quae
458 4006 567 4064 hercle
600 4007 668 4064 fere
689 3983 856 4063 'dissolute
886 3995 1094 4076 ponuntur²)‚
1130 4000 1293 4059 interdum
1317 3998 1437 4072 copula

447 4197 476 4353 2))
495 4196 661 4355 &ixi-sig
680 4283 731 4337 ΙΙΙ.
752 4281 841 4350 5232,
861 4297 889 4352 p.
904 4280 969 4350 193;
986 4279 1165 4355 Lahmeyer,
1184 4277 1362 4348 Asyndeton
1382 4275 1437 4331 der

341 4372 457 4432 Numen
477 4373 526 4430 bei
544 4371 730 4446 Aniiihrung
748 4387 810 4428 von
829 4369 1086 4441 Consulnpaarcn,
1105 4367 1210 4424 Philol.
1229 4365 1273 4436 22,
1293 4381 1322 4438 p.
1340 4363 1383 4420 63.
