3138 5202
697 482 968 558 μ’μ’

374 727 425 844 '11'
453 774 510 842 De
535 727 758 861 particulae
777 725 864 856 'que
888 727 1182 846 conlocatione·¹
1204 721 1223 730 γ’
1248 739 1250 753 ἱ

347 919 464 980 Sedem
488 921 654 997 propriam
677 920 861 1000 habetque
886 934 959 1010 curn
984 926 1056 982 sent
1043 923 1162 1006 tentiae
1186 924 1251 983 aut
1266 937 1334 982 sen·

239 1027 415 1087 tentiarutn
440 1036 550 1102 partes
574 1027 739 1103 componit
762 1030 835 1104 post
851 1029 992 1102 primum
1009 1003 1216 1090 vocabulum.
1246 1019 1334 1090 litib-

238 1147 338 1192 nerus
346 1129 369 1208 1)
398 1134 570 1195 nonnullos
599 1127 773 1210 scriptores
803 1137 950 1196 tertium
963 1137 1070 1196 locum
1094 1137 1231 1197 voculae
1255 1137 1333 1196 dare

239 1241 358 1310 monet,
391 1255 466 1300 cum
496 1241 601 1316 prima
623 1257 691 1301 vox
719 1241 761 1300 sit
790 1221 859 1301 tam
882 1229 1040 1320 antium,
1073 1243 1148 1338 ideo
1172 1237 1334 1316 quiahae
1423 1266 1425 1270 ¹

239 1359 313 1405 cum
345 1348 447 1407 verbo
482 1347 631 1440 sequenti
663 1363 762 1410 unam
796 1348 961 1408 notionem
995 1349 1143 1408 iaciant.
1174 1343 1269 1408 Sed
1272 1343 1334 1408 net

238 1449 359 1510 caesar
389 1469 451 1512 nee
484 1433 657 1528 quisquam
693 1451 831 1515 Pseudo·
834 1429 1103 1514 caesarianorum
1139 1447 1334 1533 scriptorum

234 1557 342 1617 ullum
365 1559 460 1620 huius
484 1575 562 1620 usus
586 1562 773 1637 exemplum
796 1539 950 1622 ostendit.
992 1561 1104 1621 Multo
1122 1561 1265 1638 gravior
1278 1557 1336 1620 esh

235 1660 395 1736 'quaestio
426 1682 505 1725 num
529 1683 591 1746 que
615 1661 849 1743 praepositioni
873 1663 1037 1754 adiciatur
1059 1667 1199 1743 primum
1219 1668 1333 1782 locutn

238 1771 409 1878 obtinenti,
434 1789 533 1847 quam
556 1790 644 1834 nune
668 1775 855 1903 adgredior.

305 1921 425 2028 alle
447 1979 517 2045 que
540 1965 767 2041 particulae
790 1979 875 2032 oum
898 1963 1326 2074 praepositionibus-¹

561 2119 563 2124 2
612 2072 1115 2132 conlocatione..

253 2228 257 2234 -
344 2195 382 2254 ln
408 2195 516 2254 lexico
540 2195 628 2269 quod
657 2194 874 2256 inscribitur
879 2189 1049 2269 ‘Harper's
1072 2193 1166 2254 Latin
1191 2178 1333 2256 Dictionss

237 2296 309 2376 ary'
335 2296 529 2378 legimus²):
584 2296 665 2376 ‘Que
692 2302 721 2360 ιι
749 2302 881 2377 usually
910 2302 1085 2377 appended
1113 2308 1146 2362 to
1179 2303 1244 2362 the*
1263 2300 1334 2362 first

238 2408 328 2466 word
361 2409 397 2466 oi
429 2407 483 2468 the
515 2409 644 2486 phrase,
669 2409 739 2478 ¹bnt
770 2415 807 2468 ιο·
834 2427 858 2468 a.
876 2425 963 2479 noun
995 2408 1107 2489 rather
1139 2409 1217 2470 than
1251 2417 1282 2468 to
1313 2427 1333 2468 a

235 2514 474 2602 monosyllabis
502 2517 701 2592 proposition
731 2516 917 2602 governing
950 2516 983 2574 ιι
1004 2515 1114 2602 unless
1143 2516 1196 2602 the
1221 2531 1332 2591 prepo-

236 2620 355 2707 sitien
369 2621 396 2682 ιι
411 2617 601 2710 ιιιιιιιιι.
653 2622 830 2710 Perpetem
861 2623 1007 2710 haeet
972 2628 1019 2682 et
1016 2622 1147 2710 minus
1179 2624 1333 2712 accurate

237 2727 327 2785 dicta
362 2743 432 2786 esse
467 2743 531 2786 non
568 2704 683 2787 dubito
716 2705 924 2800 contendere,
961 2700 1081 2788 etenim
1104 2705 1334 2818 inscriptiones

234 2808 494 2920 vetustissimae
512 2839 544 2918 et
567 2833 673 2899 Plauti
703 2835 892 2897 comoediae
925 2851 1140 2914 semperque
1171 2833 1332 2912 praeposi
1374 2889 1376 2893 .

236 2940 317 3022 ιιοιιι
341 2940 507 3003 adnexum
531 2914 697 3012 exhibent,
722 2955 835 3017 neque,
854 2939 1030 3014 discrimen
1052 2946 1100 3000 est
1117 2942 1225 3000 utrum
1243 2955 1333 3016 prae·

236 3038 353 3122 positio
377 3039 603 3122 monosyllaba
632 3048 674 3106 sit
689 3039 734 3105 'et
767 3046 905 3124 repetita·
938 3040 1085 3122 necnei).
1136 3038 1333 3120 'Antiquitas

236 3152 338 3230 igitur
360 3141 497 3229 apparet
519 3147 706 3232 perprimo
730 3153 833 3216 verbo
853 3146 928 3214 esse
947 3145 1022 3212 'sine
1045 3153 1115 3213 ulla
1138 3143 1333 3227 exceptione

236 3259 413 3319 adnexum.
469 3259 594 3318 Tamen
618 3277 683 3319 non
708 3253 917 3338 dubium'est
946 3259 1024 3333 quin
1056 3249 1169 3334 postea
1192 3249 1275 3318 h'aec
1298 3259 1333 3316 li·

236 3366 348 3425 bertas
380 3366 517 3426 artiores
549 3367 637 3426 intre
669 3367 832 3425 cancellos
866 3365 1008 3424 coercita
1041 3365 1092 3424 sit:
1140 3365 1218 3424 Iam'
1243 3364 1333 3440 apud

235 3470 425 3531 Terentium
458 3472 564 3530 trihus
597 3477 724 3531 tantum
757 3471 839 3530 locis
867 3486 931 3551 que
957 3455 1189 3548 praepositioni
1223 3487 1333 3530 mono·

236 3577 384 3652 syllabae
408 3577 601 3637 adiunctum
623 3584 673 3636 est
696 3584 730 3636 et
751 3593 816 3638 uno
840 3593 971 3652 quoque
998 3578 1071 3657 ‚loco
1096 3578 1331 3654 praepositioni

235 3684 394 3759 repetitae
402 3678 453 3757 *ι
485 3684 582 3759 Apud
598 3684 781 3756 Varronem
809 3699 986 3759 numquam
1011 3685 1332 3764 praepositionique

235 3789 402 3860 adhaeret,
426 3789 486 3850 sed
509 3805 638 3867 semper
660 3790 784 3851 nomini
808 3791 967 3864 sequenti.
1012 3789 1133 3852 Contra
1157 3807 1196 3850 ea
1219 3790 1332 3860 Cicero

234 3894 277 3952 ad
300 3896 420 3956 multas
443 3897 701 3972 praepositiones
725 3897 968 3975 applicatque,
991 3897 1033 3958 ad
1057 3897 1132 3962 has:
1159 3893 1220 3972 rie,
1245 3912 1331 3974 cam,

342 4145 369 4213 1)
389 4145 542 4214 ιιιιιι.
564 4146 588 4201 ι.
682 4129 685 4134 ⁴
754 4123 962 4216 :nanos
1015 4191 1024 4198 ,s
1135 4160 1180 4198 a

341 4235 369 4298 3)
389 4233 552 4290 Of.Ballas
573 4251 601 4304 p.
621 4233 663 4301 19,
683 4233 910 4304 sinapeos.
1010 4234 1013 4241 ’
1148 4253 1156 4258 ··
1241 4253 1258 4257 ··
1278 4253 1279 4256 ¹

340 4321 370 4391 4)
387 4322 457 4378 Ter.
475 4321 566 4391 Haut.
586 4321 647 4389 811,
667 4337 736 4382 eum
755 4362 779 4377 ..
799 4337 941 4394 ιιιιιιᾳιιις
960 4321 1113 4393 hamio,
1133 4323 1195 4393 tto,
1210 4339 1270 4394 per

231 4425 356 4482 perque.
1054 4463 1056 4467 ,
1105 4425 1106 4429 ’
