<?xml version="1.0" encoding="UTF-8"?>
<!DOCTYPE html PUBLIC "-//W3C//DTD XHTML 1.0 Transitional//EN"
    "http://www.w3.org/TR/xhtml1/DTD/xhtml1-transitional.dtd">
<html xmlns="http://www.w3.org/1999/xhtml" xml:lang="en" lang="en">
 <head>
  <title>
</title>
<meta http-equiv="Content-Type" content="text/html;charset=utf-8" />
  <meta name='ocr-system' content='tesseract 3.04.00' />
  <meta name='ocr-capabilities' content='ocr_page ocr_carea ocr_par ocr_line ocrx_word'/>
</head>
<body>
  <div class='ocr_page' id='page_1' title='image "./departicularumc01ooggoog_0035.png"; bbox 0 0 3138 5202; ppageno 0'>
   <div class='ocr_carea' id='block_1_1' title="bbox 755 469 933 526">
    <p class='ocr_par' dir='ltr' id='par_1_1' title="bbox 755 469 933 526">
     <span class='ocr_line' id='line_1_1' title="bbox 755 469 933 526; baseline 0 -16"><span class='ocrx_word' id='word_1_1' title='bbox 755 469 933 526; x_wconf 74' lang='lat'>..24-</span> 
     </span>
    </p>
   </div>
   <div class='ocr_carea' id='block_1_2' title="bbox 305 793 1354 886">
    <p class='ocr_par' dir='ltr' id='par_1_2' title="bbox 305 793 1354 886">
     <span class='ocr_line' id='line_1_2' title="bbox 305 793 1354 886; baseline 0.003 -28"><span class='ocrx_word' id='word_1_2' title='bbox 305 831 309 836; x_wconf 94' lang='lat'>-</span> <span class='ocrx_word' id='word_1_3' title='bbox 344 793 398 859; x_wconf 89' lang='lat'>10.</span> <span class='ocrx_word' id='word_1_4' title='bbox 424 793 514 861; x_wconf 86' lang='lat' dir='ltr'>Vox</span> <span class='ocrx_word' id='word_1_5' title='bbox 538 796 730 886; x_wconf 77' lang='lat' dir='ltr'>negativa</span> <span class='ocrx_word' id='word_1_6' title='bbox 754 797 936 880; x_wconf 83' lang='lat' dir='ltr'>sequitur</span> <span class='ocrx_word' id='word_1_7' title='bbox 960 797 1278 864; x_wconf 84' lang='lat' dir='ltr'>coniunctionem</span> <span class='ocrx_word' id='word_1_8' title='bbox 1301 803 1354 862; x_wconf 83' lang='lat' dir='ltr'>et.</span> 
     </span>
    </p>
   </div>
   <div class='ocr_carea' id='block_1_3' title="bbox 304 933 1505 1026">
    <p class='ocr_par' dir='ltr' id='par_1_3' title="bbox 304 933 1505 1026">
     <span class='ocr_line' id='line_1_3' title="bbox 304 933 1505 1026; baseline 0.005 -24"><span class='ocrx_word' id='word_1_9' title='bbox 304 937 310 946; x_wconf 60' lang='lat'><strong><em>⁴</em></strong></span> <span class='ocrx_word' id='word_1_10' title='bbox 375 941 486 1003; x_wconf 77' lang='lat' dir='ltr'>&#39;Cum</span> <span class='ocrx_word' id='word_1_11' title='bbox 512 960 577 1003; x_wconf 90' lang='lat' dir='ltr'>non</span> <span class='ocrx_word' id='word_1_12' title='bbox 600 948 669 1003; x_wconf 86' lang='lat' dir='ltr'>tota</span> <span class='ocrx_word' id='word_1_13' title='bbox 693 933 855 1003; x_wconf 84' lang='lat' dir='ltr'>sententia</span> <span class='ocrx_word' id='word_1_14' title='bbox 883 946 940 1004; x_wconf 86' lang='lat' dir='ltr'>sod</span> <span class='ocrx_word' id='word_1_15' title='bbox 968 962 1035 1005; x_wconf 89' lang='lat' dir='ltr'>una</span> <span class='ocrx_word' id='word_1_16' title='bbox 1064 947 1153 1007; x_wconf 89' lang='lat' dir='ltr'>notio</span> <span class='ocrx_word' id='word_1_17' title='bbox 1177 951 1317 1026; x_wconf 88' lang='lat' dir='ltr'>negatur</span> <span class='ocrx_word' id='word_1_18' title='bbox 1341 956 1410 1012; x_wconf 87' lang='lat' dir='ltr'>aut</span> <span class='ocrx_word' id='word_1_19' title='bbox 1502 1013 1505 1018; x_wconf 66' lang='grc'><strong>,</strong></span> 
     </span>
    </p>
   </div>
   <div class='ocr_carea' id='block_1_4' title="bbox 235 1037 1433 4226">
    <p class='ocr_par' dir='ltr' id='par_1_4' title="bbox 235 1037 1410 1991">
     <span class='ocr_line' id='line_1_4' title="bbox 235 1037 1409 1137; baseline 0.007 -27"><span class='ocrx_word' id='word_1_20' title='bbox 235 1065 238 1070; x_wconf 94' lang='grc'><strong><em>·</em></strong></span> <span class='ocrx_word' id='word_1_21' title='bbox 269 1037 272 1042; x_wconf 42' lang='lat'><strong>⁴</strong></span> <span class='ocrx_word' id='word_1_22' title='bbox 301 1053 352 1111; x_wconf 90' lang='lat' dir='ltr'>vis</span> <span class='ocrx_word' id='word_1_23' title='bbox 376 1041 559 1129; x_wconf 81' lang='lat' dir='ltr'>negationis</span> <span class='ocrx_word' id='word_1_24' title='bbox 584 1060 733 1129; x_wconf 87' lang='lat' dir='ltr'>augetur,</span> <span class='ocrx_word' id='word_1_25' title='bbox 759 1053 901 1112; x_wconf 85' lang='lat' dir='ltr'>eihand</span> <span class='ocrx_word' id='word_1_26' title='bbox 931 1069 1004 1114; x_wconf 91' lang='lat' dir='ltr'>raro</span> <span class='ocrx_word' id='word_1_27' title='bbox 1029 1056 1276 1130; x_wconf 80' lang='lat' dir='ltr'>pronominibus</span> <span class='ocrx_word' id='word_1_28' title='bbox 1299 1075 1409 1137; x_wconf 86' lang='lat' dir='ltr'>nega-</span> 
     </span>
     <span class='ocr_line' id='line_1_5' title="bbox 299 1151 1409 1246; baseline 0.009 -28"><span class='ocrx_word' id='word_1_29' title='bbox 299 1153 388 1246; x_wconf 80' lang='lat' dir='ltr'>tivis,</span> <span class='ocrx_word' id='word_1_30' title='bbox 420 1151 545 1238; x_wconf 82' lang='lat' dir='ltr'>aulius,</span> <span class='ocrx_word' id='word_1_31' title='bbox 581 1176 686 1236; x_wconf 80' lang='lat' dir='ltr'>nemo,</span> <span class='ocrx_word' id='word_1_32' title='bbox 722 1155 818 1237; x_wconf 82' lang='lat' dir='ltr'>nibil,</span> <span class='ocrx_word' id='word_1_33' title='bbox 854 1168 886 1218; x_wconf 89' lang='lat' dir='ltr'>et</span> <span class='ocrx_word' id='word_1_34' title='bbox 915 1161 1082 1223; x_wconf 80' lang='lat' dir='ltr'>adverbiis</span> <span class='ocrx_word' id='word_1_35' title='bbox 1115 1165 1289 1242; x_wconf 81' lang='lat' dir='ltr'>negativis,</span> <span class='ocrx_word' id='word_1_36' title='bbox 1319 1183 1409 1244; x_wconf 84' lang='lat' dir='ltr'>nan,</span> 
     </span>
     <span class='ocr_line' id='line_1_6' title="bbox 302 1267 1410 1350; baseline 0.005 -22"><span class='ocrx_word' id='word_1_37' title='bbox 302 1285 493 1350; x_wconf 80' lang='lat' dir='ltr'>mrmpaam,</span> <span class='ocrx_word' id='word_1_38' title='bbox 515 1284 690 1348; x_wconf 82' lang='lat' dir='ltr'>nusquam,</span> <span class='ocrx_word' id='word_1_39' title='bbox 708 1269 928 1344; x_wconf 86' lang='lat' dir='ltr'>coniungitur.</span> <span class='ocrx_word' id='word_1_40' title='bbox 970 1267 1072 1346; x_wconf 81' lang='lat' dir='ltr'>Quem</span> <span class='ocrx_word' id='word_1_41' title='bbox 1097 1273 1286 1347; x_wconf 89' lang='lat' dir='ltr'>copularum</span> <span class='ocrx_word' id='word_1_42' title='bbox 1303 1291 1410 1335; x_wconf 87' lang='lat' dir='ltr'>usum</span> 
     </span>
     <span class='ocr_line' id='line_1_7' title="bbox 301 1355 1409 1456; baseline 0.003 -18"><span class='ocrx_word' id='word_1_43' title='bbox 301 1363 389 1454; x_wconf 83' lang='lat' dir='ltr'>apud</span> <span class='ocrx_word' id='word_1_44' title='bbox 414 1360 556 1439; x_wconf 79' lang='lat' dir='ltr'>summos</span> <span class='ocrx_word' id='word_1_45' title='bbox 586 1378 762 1453; x_wconf 82' lang='lat' dir='ltr'>scriptores</span> <span class='ocrx_word' id='word_1_46' title='bbox 785 1377 938 1448; x_wconf 85' lang='lat' dir='ltr'>inveniri,</span> <span class='ocrx_word' id='word_1_47' title='bbox 969 1380 1080 1440; x_wconf 86' lang='lat' dir='ltr'>multis</span> <span class='ocrx_word' id='word_1_48' title='bbox 1103 1355 1328 1456; x_wconf 83' lang='lat' dir='ltr'>grammaticis</span> <span class='ocrx_word' id='word_1_49' title='bbox 1353 1383 1409 1441; x_wconf 92' lang='lat' dir='ltr'>in-</span> 
     </span>
     <span class='ocr_line' id='line_1_8' title="bbox 301 1481 1410 1563; baseline 0.004 -19"><span class='ocrx_word' id='word_1_50' title='bbox 301 1486 390 1556; x_wconf 89' lang='lat' dir='ltr'>vitis,</span> <span class='ocrx_word' id='word_1_51' title='bbox 424 1487 597 1546; x_wconf 78' lang='lat' dir='ltr'>scitissime</span> <span class='ocrx_word' id='word_1_52' title='bbox 627 1486 670 1544; x_wconf 89' lang='lat' dir='ltr'>ab</span> <span class='ocrx_word' id='word_1_53' title='bbox 698 1481 853 1563; x_wconf 81' lang='lat' dir='ltr'>mngm1)</span> <span class='ocrx_word' id='word_1_54' title='bbox 888 1485 1144 1546; x_wconf 88' lang='lat' dir='ltr'>demonstratum</span> <span class='ocrx_word' id='word_1_55' title='bbox 1168 1490 1227 1546; x_wconf 87' lang='lat' dir='ltr'>cst.</span> <span class='ocrx_word' id='word_1_56' title='bbox 1274 1487 1410 1548; x_wconf 86' lang='lat' dir='ltr'>Tamen</span> 
     </span>
     <span class='ocr_line' id='line_1_9' title="bbox 303 1590 1410 1667; baseline 0 -15"><span class='ocrx_word' id='word_1_57' title='bbox 303 1595 387 1667; x_wconf 85' lang='lat' dir='ltr'>qnae</span> <span class='ocrx_word' id='word_1_58' title='bbox 412 1594 452 1652; x_wconf 89' lang='lat' dir='ltr'>de</span> <span class='ocrx_word' id='word_1_59' title='bbox 477 1590 616 1653; x_wconf 79' lang='lat' dir='ltr'>Caesare</span> <span class='ocrx_word' id='word_1_60' title='bbox 640 1598 673 1652; x_wconf 87' lang='lat' dir='ltr'>ei</span> <span class='ocrx_word' id='word_1_61' title='bbox 695 1590 1042 1652; x_wconf 84' lang='lat' dir='ltr'>Pseudo-Caesarianis</span> <span class='ocrx_word' id='word_1_62' title='bbox 1076 1594 1195 1654; x_wconf 89' lang='lat' dir='ltr'>adtulit</span> <span class='ocrx_word' id='word_1_63' title='bbox 1227 1611 1288 1654; x_wconf 89' lang='lat' dir='ltr'>nec</span> <span class='ocrx_word' id='word_1_64' title='bbox 1320 1595 1410 1654; x_wconf 83' lang='lat' dir='ltr'>satis</span> 
     </span>
     <span class='ocr_line' id='line_1_10' title="bbox 306 1685 1409 1788; baseline 0 -29"><span class='ocrx_word' id='word_1_65' title='bbox 306 1701 437 1775; x_wconf 81' lang='lat' dir='ltr'>copiosa</span> <span class='ocrx_word' id='word_1_66' title='bbox 459 1685 532 1759; x_wconf 62' lang='lat' dir='ltr'>&#39;nec</span> <span class='ocrx_word' id='word_1_67' title='bbox 564 1700 643 1759; x_wconf 87' lang='lat' dir='ltr'>talia</span> <span class='ocrx_word' id='word_1_68' title='bbox 676 1704 751 1760; x_wconf 89' lang='lat' dir='ltr'>sunt</span> <span class='ocrx_word' id='word_1_69' title='bbox 784 1703 820 1758; x_wconf 88' lang='lat' dir='ltr'>ut</span> <span class='ocrx_word' id='word_1_70' title='bbox 854 1701 1028 1760; x_wconf 84' lang='lat' dir='ltr'>emendata</span> <span class='ocrx_word' id='word_1_71' title='bbox 1060 1706 1228 1760; x_wconf 87' lang='lat' dir='ltr'>vocentur.</span> <span class='ocrx_word' id='word_1_72' title='bbox 1252 1782 1254 1788; x_wconf 28' lang='grc' dir='ltr'>Ι</span> <span class='ocrx_word' id='word_1_73' title='bbox 1280 1699 1409 1761; x_wconf 89' lang='lat' dir='ltr'>Omnes</span> 
     </span>
     <span class='ocr_line' id='line_1_11' title="bbox 304 1806 1409 1884; baseline 0.003 -19"><span class='ocrx_word' id='word_1_74' title='bbox 304 1807 393 1866; x_wconf 90' lang='lat' dir='ltr'>locos</span> <span class='ocrx_word' id='word_1_75' title='bbox 416 1806 474 1867; x_wconf 87' lang='lat' dir='ltr'>ubi</span> <span class='ocrx_word' id='word_1_76' title='bbox 498 1807 530 1866; x_wconf 89' lang='lat' dir='ltr'>hi</span> <span class='ocrx_word' id='word_1_77' title='bbox 555 1807 730 1882; x_wconf 76' lang='lat' dir='ltr'>scriptores</span> <span class='ocrx_word' id='word_1_78' title='bbox 758 1808 893 1882; x_wconf 89' lang='lat' dir='ltr'>copulas</span> <span class='ocrx_word' id='word_1_79' title='bbox 924 1823 999 1867; x_wconf 90' lang='lat' dir='ltr'>cum</span> <span class='ocrx_word' id='word_1_80' title='bbox 1027 1807 1275 1884; x_wconf 89' lang='lat' dir='ltr'>pronominibus</span> <span class='ocrx_word' id='word_1_81' title='bbox 1302 1825 1409 1884; x_wconf 87' lang='lat' dir='ltr'>nega-</span> 
     </span>
     <span class='ocr_line' id='line_1_12' title="bbox 304 1897 995 1991; baseline 0 -19"><span class='ocrx_word' id='word_1_82' title='bbox 304 1913 381 1974; x_wconf 86' lang='lat' dir='ltr'>tivis</span> <span class='ocrx_word' id='word_1_83' title='bbox 405 1897 572 1974; x_wconf 86' lang='lat' dir='ltr'>sociarunt</span> <span class='ocrx_word' id='word_1_84' title='bbox 596 1913 762 1991; x_wconf 85' lang='lat' dir='ltr'>indagavi,</span> <span class='ocrx_word' id='word_1_85' title='bbox 787 1919 820 1973; x_wconf 89' lang='lat' dir='ltr'>et</span> <span class='ocrx_word' id='word_1_86' title='bbox 844 1920 919 1974; x_wconf 89' lang='lat' dir='ltr'>sunt</span> <span class='ocrx_word' id='word_1_87' title='bbox 943 1914 995 1974; x_wconf 90' lang='lat' dir='ltr'>hi:</span> 
     </span>
    </p>

    <p class='ocr_par' dir='ltr' id='par_1_5' title="bbox 309 2015 1409 2186">
     <span class='ocr_line' id='line_1_13' title="bbox 411 2015 1409 2100; baseline 0 -21"><span class='ocrx_word' id='word_1_88' title='bbox 411 2021 442 2080; x_wconf 88' lang='lat' dir='ltr'>et</span> <span class='ocrx_word' id='word_1_89' title='bbox 468 2061 502 2080; x_wconf 92' lang='lat'>..</span> <span class='ocrx_word' id='word_1_90' title='bbox 528 2015 624 2080; x_wconf 83' lang='lat' dir='ltr'>nulia</span> <span class='ocrx_word' id='word_1_91' title='bbox 647 2035 685 2080; x_wconf 88' lang='lat' dir='ltr'>re</span> <span class='ocrx_word' id='word_1_92' title='bbox 709 2037 752 2080; x_wconf 82' lang='lat' dir='ltr'>aa</span> <span class='ocrx_word' id='word_1_93' title='bbox 770 2015 951 2100; x_wconf 82' lang='lat' dir='ltr'>prouincia</span> <span class='ocrx_word' id='word_1_94' title='bbox 976 2063 983 2080; x_wconf 90' lang='lat'>.</span> <span class='ocrx_word' id='word_1_95' title='bbox 1004 2063 1011 2079; x_wconf 95' lang='lat'>.</span> <span class='ocrx_word' id='word_1_96' title='bbox 1033 2066 1040 2081; x_wconf 93' lang='lat'>.</span> <span class='ocrx_word' id='word_1_97' title='bbox 1063 2016 1233 2082; x_wconf 84' lang='lat' dir='ltr'>sublevari</span> <span class='ocrx_word' id='word_1_98' title='bbox 1251 2019 1409 2100; x_wconf 87' lang='lat' dir='ltr'>poterat·</span> 
     </span>
     <span class='ocr_line' id='line_1_14' title="bbox 309 2107 457 2186; baseline -0.007 0"><span class='ocrx_word' id='word_1_99' title='bbox 309 2120 339 2186; x_wconf 79' lang='lat' dir='ltr'>i.</span> <span class='ocrx_word' id='word_1_100' title='bbox 356 2121 387 2186; x_wconf 83' lang='lat'>6.</span> <span class='ocrx_word' id='word_1_101' title='bbox 404 2107 457 2186; x_wconf 75' lang='lat'>54.</span> 
     </span>
    </p>

    <p class='ocr_par' dir='ltr' id='par_1_6' title="bbox 412 2229 1406 2318">
     <span class='ocr_line' id='line_1_15' title="bbox 412 2229 1406 2318; baseline 0.002 -24"><span class='ocrx_word' id='word_1_102' title='bbox 412 2236 443 2294; x_wconf 85' lang='lat' dir='ltr'>at</span> <span class='ocrx_word' id='word_1_103' title='bbox 542 2229 637 2312; x_wconf 82' lang='lat' dir='ltr'>nihii,</span> <span class='ocrx_word' id='word_1_104' title='bbox 673 2231 761 2314; x_wconf 80' lang='lat' dir='ltr'>quod</span> <span class='ocrx_word' id='word_1_105' title='bbox 793 2231 878 2315; x_wconf 90' lang='lat' dir='ltr'>ipsis</span> <span class='ocrx_word' id='word_1_106' title='bbox 906 2237 989 2296; x_wconf 87' lang='lat' dir='ltr'>asset</span> <span class='ocrx_word' id='word_1_107' title='bbox 1012 2231 1198 2318; x_wconf 70' lang='lat' dir='ltr'>indignam,</span> <span class='ocrx_word' id='word_1_108' title='bbox 1223 2231 1406 2296; x_wconf 75' lang='lat' dir='ltr'>committe.</span> 
     </span>
    </p>

    <p class='ocr_par' dir='ltr' id='par_1_7' title="bbox 304 2333 573 2418">
     <span class='ocr_line' id='line_1_16' title="bbox 304 2333 573 2418; baseline 0.007 -20"><span class='ocrx_word' id='word_1_109' title='bbox 304 2335 394 2400; x_wconf 90' lang='lat' dir='ltr'>bant.</span> <span class='ocrx_word' id='word_1_110' title='bbox 419 2333 450 2400; x_wconf 83' lang='lat'>5.</span> <span class='ocrx_word' id='word_1_111' title='bbox 467 2333 521 2400; x_wconf 87' lang='lat'>35.</span> <span class='ocrx_word' id='word_1_112' title='bbox 537 2333 573 2418; x_wconf 91' lang='grc' dir='ltr'>5.Ι</span> 
     </span>
    </p>

    <p class='ocr_par' dir='ltr' id='par_1_8' title="bbox 256 2425 1407 2636">
     <span class='ocr_line' id='line_1_17' title="bbox 256 2425 1064 2527; baseline 0.005 -22"><span class='ocrx_word' id='word_1_113' title='bbox 256 2425 259 2430; x_wconf 57' lang='grc'><strong>’</strong></span> <span class='ocrx_word' id='word_1_114' title='bbox 412 2437 569 2506; x_wconf 82' lang='lat' dir='ltr'>acunila</span> <span class='ocrx_word' id='word_1_115' title='bbox 593 2441 684 2508; x_wconf 80' lang='lat' dir='ltr'>hoste</span> <span class='ocrx_word' id='word_1_116' title='bbox 706 2443 911 2527; x_wconf 76' lang='lat' dir='ltr'>prohibente.</span> <span class='ocrx_word' id='word_1_117' title='bbox 936 2443 967 2510; x_wconf 83' lang='lat'>3.</span> <span class='ocrx_word' id='word_1_118' title='bbox 984 2443 1016 2508; x_wconf 83' lang='lat'>6.</span> <span class='ocrx_word' id='word_1_119' title='bbox 1033 2442 1064 2509; x_wconf 87' lang='grc'>5.</span> 
     </span>
     <span class='ocr_line' id='line_1_18' title="bbox 304 2531 1407 2636; baseline 0.003 -25"><span class='ocrx_word' id='word_1_120' title='bbox 304 2531 308 2542; x_wconf 60' lang='grc'>’</span> <span class='ocrx_word' id='word_1_121' title='bbox 411 2569 452 2629; x_wconf 86' lang='lat' dir='ltr'>aa</span> <span class='ocrx_word' id='word_1_122' title='bbox 474 2548 579 2613; x_wconf 78' lang='lat' dir='ltr'>nihilo</span> <span class='ocrx_word' id='word_1_123' title='bbox 591 2549 695 2614; x_wconf 88' lang='lat' dir='ltr'>setius</span> <span class='ocrx_word' id='word_1_124' title='bbox 707 2550 868 2616; x_wconf 77' lang='lat' dir='ltr'>sublicae.</span> <span class='ocrx_word' id='word_1_125' title='bbox 880 2598 887 2614; x_wconf 93' lang='lat'>.</span> <span class='ocrx_word' id='word_1_126' title='bbox 901 2597 907 2614; x_wconf 90' lang='lat'>.</span> <span class='ocrx_word' id='word_1_127' title='bbox 921 2550 1050 2635; x_wconf 77' lang='lat' dir='ltr'>oblique</span> <span class='ocrx_word' id='word_1_128' title='bbox 1063 2552 1259 2636; x_wconf 81' lang='lat' dir='ltr'>apebantur.</span> <span class='ocrx_word' id='word_1_129' title='bbox 1270 2550 1301 2615; x_wconf 89' lang='grc'>4.</span> <span class='ocrx_word' id='word_1_130' title='bbox 1312 2551 1407 2615; x_wconf 66' lang='lat' dir='ltr'>lia.</span> 
     </span>
    </p>

    <p class='ocr_par' dir='ltr' id='par_1_9' title="bbox 306 2656 1411 2845">
     <span class='ocr_line' id='line_1_19' title="bbox 413 2656 1411 2742; baseline 0.004 -24"><span class='ocrx_word' id='word_1_131' title='bbox 413 2675 487 2719; x_wconf 90' lang='lat' dir='ltr'>cum</span> <span class='ocrx_word' id='word_1_132' title='bbox 521 2656 780 2741; x_wconf 76' lang='lat' dir='ltr'>consumpsisset</span> <span class='ocrx_word' id='word_1_133' title='bbox 804 2663 835 2720; x_wconf 88' lang='lat' dir='ltr'>et</span> <span class='ocrx_word' id='word_1_134' title='bbox 858 2656 989 2721; x_wconf 82' lang='lat' dir='ltr'>nuliam</span> <span class='ocrx_word' id='word_1_135' title='bbox 1017 2663 1154 2742; x_wconf 86' lang='lat' dir='ltr'>partem</span> <span class='ocrx_word' id='word_1_136' title='bbox 1183 2658 1411 2729; x_wconf 88' lang='lat' dir='ltr'>munitionem</span> 
     </span>
     <span class='ocr_line' id='line_1_20' title="bbox 306 2743 913 2845; baseline 0.002 -20"><span class='ocrx_word' id='word_1_137' title='bbox 306 2759 489 2826; x_wconf 84' lang='lat' dir='ltr'>convellere</span> <span class='ocrx_word' id='word_1_138' title='bbox 507 2743 684 2845; x_wconf 87' lang='lat' dir='ltr'>patuisset.</span> <span class='ocrx_word' id='word_1_139' title='bbox 709 2767 793 2826; x_wconf 86' lang='lat' dir='ltr'>Hirt.</span> <span class='ocrx_word' id='word_1_140' title='bbox 811 2761 864 2826; x_wconf 81' lang='grc'>26.</span> <span class='ocrx_word' id='word_1_141' title='bbox 881 2762 913 2826; x_wconf 89' lang='grc'>4.</span> 
     </span>
    </p>

    <p class='ocr_par' dir='ltr' id='par_1_10' title="bbox 306 2867 1433 3061">
     <span class='ocr_line' id='line_1_21' title="bbox 412 2867 1433 2954; baseline 0.004 -22"><span class='ocrx_word' id='word_1_142' title='bbox 412 2869 501 2952; x_wconf 81' lang='lat' dir='ltr'>quod</span> <span class='ocrx_word' id='word_1_143' title='bbox 529 2874 559 2932; x_wconf 89' lang='lat' dir='ltr'>et</span> <span class='ocrx_word' id='word_1_144' title='bbox 582 2867 694 2932; x_wconf 81' lang='lat' dir='ltr'>nullos</span> <span class='ocrx_word' id='word_1_145' title='bbox 725 2867 848 2935; x_wconf 85' lang='lat' dir='ltr'>milites</span> <span class='ocrx_word' id='word_1_146' title='bbox 880 2869 917 2932; x_wconf 88' lang='lat' dir='ltr'>in</span> <span class='ocrx_word' id='word_1_147' title='bbox 946 2870 1087 2934; x_wconf 85' lang='lat' dir='ltr'>nauibus</span> <span class='ocrx_word' id='word_1_148' title='bbox 1110 2870 1251 2935; x_wconf 82' lang='lat' dir='ltr'>babebat</span> <span class='ocrx_word' id='word_1_149' title='bbox 1275 2872 1433 2954; x_wconf 76' lang='lat' dir='ltr'>etpost</span> 
     </span>
     <span class='ocr_line' id='line_1_22' title="bbox 306 2974 1026 3061; baseline 0 -21"><span class='ocrx_word' id='word_1_150' title='bbox 306 2974 425 3040; x_wconf 82' lang='lat' dir='ltr'>boram</span> <span class='ocrx_word' id='word_1_151' title='bbox 449 2975 484 3038; x_wconf 89' lang='lat' dir='ltr'><em>X</em></span> <span class='ocrx_word' id='word_1_152' title='bbox 503 2975 572 3040; x_wconf 79' lang='lat' dir='ltr'>diei</span> <span class='ocrx_word' id='word_1_153' title='bbox 594 2995 648 3039; x_wconf 90' lang='lat' dir='ltr'>res</span> <span class='ocrx_word' id='word_1_154' title='bbox 671 2976 842 3061; x_wconf 80' lang='lat' dir='ltr'>apebatur.</span> <span class='ocrx_word' id='word_1_155' title='bbox 868 2980 907 3039; x_wconf 89' lang='lat' dir='ltr'>A.</span> <span class='ocrx_word' id='word_1_156' title='bbox 926 2975 977 3040; x_wconf 91' lang='lat'>10.</span> <span class='ocrx_word' id='word_1_157' title='bbox 994 2975 1026 3040; x_wconf 89' lang='grc'>5.</span> 
     </span>
    </p>

    <p class='ocr_par' dir='ltr' id='par_1_11' title="bbox 415 3080 1276 3167">
     <span class='ocr_line' id='line_1_23' title="bbox 415 3080 1276 3167; baseline 0.003 -22"><span class='ocrx_word' id='word_1_158' title='bbox 415 3080 609 3166; x_wconf 80' lang='lat' dir='ltr'>nullumque</span> <span class='ocrx_word' id='word_1_159' title='bbox 627 3083 820 3166; x_wconf 83' lang='lat' dir='ltr'>periculum</span> <span class='ocrx_word' id='word_1_160' title='bbox 844 3083 1093 3167; x_wconf 84' lang='lat' dir='ltr'>deprecaturas.</span> <span class='ocrx_word' id='word_1_161' title='bbox 1118 3087 1157 3146; x_wconf 89' lang='lat' dir='ltr'>A.</span> <span class='ocrx_word' id='word_1_162' title='bbox 1174 3081 1227 3148; x_wconf 71' lang='lat'>57.</span> <span class='ocrx_word' id='word_1_163' title='bbox 1245 3083 1276 3148; x_wconf 90' lang='grc'>6.</span> 
     </span>
    </p>

    <p class='ocr_par' dir='ltr' id='par_1_12' title="bbox 413 3187 1236 3258">
     <span class='ocr_line' id='line_1_24' title="bbox 413 3187 1236 3258; baseline 0.005 -6"><span class='ocrx_word' id='word_1_164' title='bbox 413 3189 485 3253; x_wconf 87' lang='lat' dir='ltr'>sine</span> <span class='ocrx_word' id='word_1_165' title='bbox 508 3209 604 3253; x_wconf 91' lang='lat' dir='ltr'>mora</span> <span class='ocrx_word' id='word_1_166' title='bbox 628 3208 667 3252; x_wconf 90' lang='lat' dir='ltr'>ac</span> <span class='ocrx_word' id='word_1_167' title='bbox 690 3187 788 3252; x_wconf 85' lang='lat' dir='ltr'>nulla</span> <span class='ocrx_word' id='word_1_168' title='bbox 812 3190 1038 3253; x_wconf 76' lang='lat' dir='ltr'>accusatione.</span> <span class='ocrx_word' id='word_1_169' title='bbox 1062 3193 1116 3253; x_wconf 86' lang='lat' dir='ltr'>Af.</span> <span class='ocrx_word' id='word_1_170' title='bbox 1133 3188 1185 3253; x_wconf 78' lang='lat'>26.</span> <span class='ocrx_word' id='word_1_171' title='bbox 1205 3189 1236 3258; x_wconf 88' lang='lat'>3.</span> 
     </span>
    </p>

    <p class='ocr_par' dir='ltr' id='par_1_13' title="bbox 414 3295 1302 3378">
     <span class='ocr_line' id='line_1_25' title="bbox 414 3295 1302 3378; baseline 0 -18"><span class='ocrx_word' id='word_1_172' title='bbox 414 3303 445 3360; x_wconf 86' lang='lat' dir='ltr'>ct</span> <span class='ocrx_word' id='word_1_173' title='bbox 468 3295 598 3360; x_wconf 84' lang='lat' dir='ltr'>nuliam</span> <span class='ocrx_word' id='word_1_174' title='bbox 616 3295 889 3378; x_wconf 82' lang='lat' dir='ltr'>praetermittere</span> <span class='ocrx_word' id='word_1_175' title='bbox 913 3296 1128 3360; x_wconf 85' lang='lat' dir='ltr'>occasionem.</span> <span class='ocrx_word' id='word_1_176' title='bbox 1153 3301 1206 3360; x_wconf 81' lang='lat' dir='ltr'>Ar.</span> <span class='ocrx_word' id='word_1_177' title='bbox 1226 3297 1254 3361; x_wconf 94' lang='lat' dir='ltr'>l.</span> <span class='ocrx_word' id='word_1_178' title='bbox 1271 3296 1302 3361; x_wconf 85' lang='lat'>3.</span> 
     </span>
    </p>

    <p class='ocr_par' dir='ltr' id='par_1_14' title="bbox 342 3389 1298 3487">
     <span class='ocr_line' id='line_1_26' title="bbox 342 3389 1298 3487; baseline 0.001 -21"><span class='ocrx_word' id='word_1_179' title='bbox 342 3389 345 3394; x_wconf 40' lang='lat'><strong>⁴</strong></span> <span class='ocrx_word' id='word_1_180' title='bbox 414 3408 446 3466; x_wconf 90' lang='lat' dir='ltr'>et</span> <span class='ocrx_word' id='word_1_181' title='bbox 469 3400 574 3465; x_wconf 77' lang='lat' dir='ltr'>nihilo</span> <span class='ocrx_word' id='word_1_182' title='bbox 599 3401 709 3464; x_wconf 90' lang='lat' dir='ltr'>minus</span> <span class='ocrx_word' id='word_1_183' title='bbox 729 3400 915 3485; x_wconf 82' lang='lat' dir='ltr'>fortissime</span> <span class='ocrx_word' id='word_1_184' title='bbox 937 3421 1101 3487; x_wconf 78' lang='lat' dir='ltr'>paquara.</span> <span class='ocrx_word' id='word_1_185' title='bbox 1127 3408 1179 3467; x_wconf 84' lang='lat' dir='ltr'>Af.</span> <span class='ocrx_word' id='word_1_186' title='bbox 1198 3402 1251 3467; x_wconf 73' lang='lat'>78.</span> <span class='ocrx_word' id='word_1_187' title='bbox 1267 3403 1298 3466; x_wconf 91' lang='grc'>4.</span> 
     </span>
    </p>

    <p class='ocr_par' dir='ltr' id='par_1_15' title="bbox 307 3497 1405 3678">
     <span class='ocr_line' id='line_1_27' title="bbox 307 3497 1405 3595; baseline 0.002 -23"><span class='ocrx_word' id='word_1_188' title='bbox 307 3497 308 3502; x_wconf 29' lang='lat'>¹</span> <span class='ocrx_word' id='word_1_189' title='bbox 416 3513 447 3572; x_wconf 86' lang='lat' dir='ltr'>ct</span> <span class='ocrx_word' id='word_1_190' title='bbox 471 3507 576 3570; x_wconf 76' lang='lat' dir='ltr'>nihilo</span> <span class='ocrx_word' id='word_1_191' title='bbox 600 3507 712 3571; x_wconf 86' lang='lat' dir='ltr'>minus</span> <span class='ocrx_word' id='word_1_192' title='bbox 731 3512 867 3591; x_wconf 88' lang='lat' dir='ltr'>partem</span> <span class='ocrx_word' id='word_1_193' title='bbox 900 3507 1046 3574; x_wconf 83' lang='lat' dir='ltr'>miiitum</span> <span class='ocrx_word' id='word_1_194' title='bbox 1079 3515 1193 3574; x_wconf 90' lang='lat' dir='ltr'>castra</span> <span class='ocrx_word' id='word_1_195' title='bbox 1222 3530 1289 3578; x_wconf 86' lang='lat' dir='ltr'>non</span> <span class='ocrx_word' id='word_1_196' title='bbox 1312 3511 1405 3595; x_wconf 80' lang='lat' dir='ltr'>ipna-</span> 
     </span>
     <span class='ocr_line' id='line_1_28' title="bbox 307 3601 1344 3678; baseline -0.001 -1"><span class='ocrx_word' id='word_1_197' title='bbox 307 3611 754 3678; x_wconf 84' lang='lat' dir='ltr'>aitermunire.Ai.81.1.</span> <span class='ocrx_word' id='word_1_198' title='bbox 850 3601 852 3604; x_wconf 34' lang='lat'><strong><em>¹</em></strong></span> <span class='ocrx_word' id='word_1_199' title='bbox 1342 3602 1344 3607; x_wconf 60' lang='grc'>’</span> 
     </span>
    </p>

    <p class='ocr_par' dir='ltr' id='par_1_16' title="bbox 308 3724 1408 4226">
     <span class='ocr_line' id='line_1_29' title="bbox 416 3724 1407 3799; baseline 0.006 -17"><span class='ocrx_word' id='word_1_200' title='bbox 416 3724 566 3785; x_wconf 88' lang='lat' dir='ltr'>Indioulo</span> <span class='ocrx_word' id='word_1_201' title='bbox 589 3724 736 3799; x_wconf 88' lang='lat' dir='ltr'>inspecto</span> <span class='ocrx_word' id='word_1_202' title='bbox 760 3725 974 3784; x_wconf 88' lang='lat' dir='ltr'>observamus</span> <span class='ocrx_word' id='word_1_203' title='bbox 1005 3725 1063 3784; x_wconf 89' lang='lat' dir='ltr'>hos</span> <span class='ocrx_word' id='word_1_204' title='bbox 1092 3726 1223 3799; x_wconf 85' lang='lat' dir='ltr'>quidem</span> <span class='ocrx_word' id='word_1_205' title='bbox 1256 3733 1407 3788; x_wconf 87' lang='lat' dir='ltr'>auctores</span> 
     </span>
     <span class='ocr_line' id='line_1_30' title="bbox 308 3831 1406 3908; baseline 0.006 -19"><span class='ocrx_word' id='word_1_206' title='bbox 308 3846 443 3905; x_wconf 88' lang='lat' dir='ltr'>perraro</span> <span class='ocrx_word' id='word_1_207' title='bbox 471 3831 664 3906; x_wconf 91' lang='lat' dir='ltr'>pronomina</span> <span class='ocrx_word' id='word_1_208' title='bbox 693 3831 849 3908; x_wconf 84' lang='lat' dir='ltr'>negativa</span> <span class='ocrx_word' id='word_1_209' title='bbox 877 3847 951 3891; x_wconf 87' lang='lat' dir='ltr'>cum</span> <span class='ocrx_word' id='word_1_210' title='bbox 970 3832 1089 3907; x_wconf 89' lang='lat' dir='ltr'>copula</span> <span class='ocrx_word' id='word_1_211' title='bbox 1106 3847 1310 3907; x_wconf 89' lang='lat' dir='ltr'>componere,</span> <span class='ocrx_word' id='word_1_212' title='bbox 1336 3840 1406 3896; x_wconf 90' lang='lat' dir='ltr'>tum</span> 
     </span>
     <span class='ocr_line' id='line_1_31' title="bbox 308 3930 1408 4014; baseline 0.003 -18"><span class='ocrx_word' id='word_1_213' title='bbox 308 3953 388 3996; x_wconf 86' lang='lat' dir='ltr'>vero</span> <span class='ocrx_word' id='word_1_214' title='bbox 412 3930 528 3996; x_wconf 85' lang='lat' dir='ltr'>aulius</span> <span class='ocrx_word' id='word_1_215' title='bbox 552 3943 584 3996; x_wconf 87' lang='lat' dir='ltr'>et</span> <span class='ocrx_word' id='word_1_216' title='bbox 607 3931 693 3996; x_wconf 83' lang='lat' dir='ltr'>nibil</span> <span class='ocrx_word' id='word_1_217' title='bbox 716 3938 785 3997; x_wconf 87' lang='lat' dir='ltr'>iere</span> <span class='ocrx_word' id='word_1_218' title='bbox 814 3939 861 3996; x_wconf 88' lang='lat' dir='ltr'>ita</span> <span class='ocrx_word' id='word_1_219' title='bbox 890 3953 1021 4013; x_wconf 89' lang='lat' dir='ltr'>ponere.</span> <span class='ocrx_word' id='word_1_220' title='bbox 1068 3937 1195 3998; x_wconf 87' lang='lat' dir='ltr'>Deinde</span> <span class='ocrx_word' id='word_1_221' title='bbox 1220 3941 1307 4014; x_wconf 87' lang='lat' dir='ltr'>apud</span> <span class='ocrx_word' id='word_1_222' title='bbox 1331 3938 1408 4000; x_wconf 80' lang='lat' dir='ltr'>Cae-</span> 
     </span>
     <span class='ocr_line' id='line_1_32' title="bbox 310 4044 1408 4122; baseline 0.004 -20"><span class='ocrx_word' id='word_1_223' title='bbox 310 4059 417 4102; x_wconf 87' lang='lat' dir='ltr'>sarem</span> <span class='ocrx_word' id='word_1_224' title='bbox 442 4044 557 4102; x_wconf 89' lang='lat' dir='ltr'>saltem</span> <span class='ocrx_word' id='word_1_225' title='bbox 581 4044 708 4104; x_wconf 88' lang='lat' dir='ltr'>duobus</span> <span class='ocrx_word' id='word_1_226' title='bbox 732 4045 812 4103; x_wconf 91' lang='lat' dir='ltr'>iocis</span> <span class='ocrx_word' id='word_1_227' title='bbox 836 4045 1026 4122; x_wconf 87' lang='lat' dir='ltr'>negativum</span> <span class='ocrx_word' id='word_1_228' title='bbox 1051 4057 1231 4119; x_wconf 88' lang='lat' dir='ltr'>pronomen</span> <span class='ocrx_word' id='word_1_229' title='bbox 1252 4061 1316 4104; x_wconf 92' lang='lat' dir='ltr'>non</span> <span class='ocrx_word' id='word_1_230' title='bbox 1333 4063 1408 4106; x_wconf 92' lang='lat' dir='ltr'>con·</span> 
     </span>
     <span class='ocr_line' id='line_1_33' title="bbox 309 4149 1408 4226; baseline 0.004 -19"><span class='ocrx_word' id='word_1_231' title='bbox 309 4149 410 4220; x_wconf 88' lang='lat' dir='ltr'>tinuo,</span> <span class='ocrx_word' id='word_1_232' title='bbox 436 4150 494 4209; x_wconf 88' lang='lat' dir='ltr'>sed</span> <span class='ocrx_word' id='word_1_233' title='bbox 518 4150 591 4209; x_wconf 91' lang='lat' dir='ltr'>aliis</span> <span class='ocrx_word' id='word_1_234' title='bbox 607 4151 718 4209; x_wconf 87' lang='lat' dir='ltr'>verbis</span> <span class='ocrx_word' id='word_1_235' title='bbox 742 4149 941 4225; x_wconf 85' lang='lat' dir='ltr'>interpositis</span> <span class='ocrx_word' id='word_1_236' title='bbox 967 4150 1118 4225; x_wconf 81' lang='lat' dir='ltr'>copulam</span> <span class='ocrx_word' id='word_1_237' title='bbox 1143 4151 1299 4225; x_wconf 88' lang='lat' dir='ltr'>sequitur.</span> <span class='ocrx_word' id='word_1_238' title='bbox 1334 4150 1408 4226; x_wconf 79' lang='lat' dir='ltr'>Qua</span> 
     </span>
    </p>
   </div>
   <div class='ocr_carea' id='block_1_5' title="bbox 399 4398 1407 4472">
    <p class='ocr_par' dir='ltr' id='par_1_17' title="bbox 399 4398 1407 4472">
     <span class='ocr_line' id='line_1_34' title="bbox 399 4398 1407 4472; baseline 0.006 -22"><span class='ocrx_word' id='word_1_239' title='bbox 399 4443 402 4450; x_wconf 80' lang='grc'>,</span> <span class='ocrx_word' id='word_1_240' title='bbox 418 4398 444 4464; x_wconf 90' lang='grc'>1)</span> <span class='ocrx_word' id='word_1_241' title='bbox 463 4415 492 4470; x_wconf 92' lang='lat' dir='ltr'>p.</span> <span class='ocrx_word' id='word_1_242' title='bbox 504 4398 546 4453; x_wconf 89' lang='grc'>14.</span> <span class='ocrx_word' id='word_1_243' title='bbox 566 4399 609 4456; x_wconf 86' lang='lat' dir='ltr'>cf.</span> <span class='ocrx_word' id='word_1_244' title='bbox 629 4401 701 4455; x_wconf 87' lang='lat' dir='ltr'>item</span> <span class='ocrx_word' id='word_1_245' title='bbox 720 4399 858 4471; x_wconf 81' lang='lat' dir='ltr'>Dracgor</span> <span class='ocrx_word' id='word_1_246' title='bbox 877 4399 913 4456; x_wconf 93' lang='lat' dir='ltr'>II.</span> <span class='ocrx_word' id='word_1_247' title='bbox 934 4416 961 4470; x_wconf 90' lang='lat' dir='ltr'>p.</span> <span class='ocrx_word' id='word_1_248' title='bbox 974 4400 1096 4470; x_wconf 82' lang='lat' dir='ltr'>bseqq.3</span> <span class='ocrx_word' id='word_1_249' title='bbox 1114 4399 1217 4472; x_wconf 83' lang='lat' dir='ltr'>Reisig</span> <span class='ocrx_word' id='word_1_250' title='bbox 1236 4398 1288 4455; x_wconf 91' lang='lat' dir='ltr'>III.</span> <span class='ocrx_word' id='word_1_251' title='bbox 1302 4417 1336 4470; x_wconf 88' lang='lat' dir='ltr'>p.</span> <span class='ocrx_word' id='word_1_252' title='bbox 1346 4401 1407 4456; x_wconf 77' lang='lat'>210.</span> 
     </span>
    </p>
   </div>
   <div class='ocr_carea' id='block_1_6' title="bbox 0 0 1578 5202">
    <p class='ocr_par' dir='ltr' id='par_1_18' title="bbox 0 0 1578 5202">
     <span class='ocr_line' id='line_1_35' title="bbox 0 0 1578 5202; baseline 0 0"><span class='ocrx_word' id='word_1_253' title='bbox 0 0 1578 5202; x_wconf 95' lang='lat' dir='ltr'> </span> 
     </span>
    </p>
   </div>
  </div>
 </body>
</html>
