3138 5202
527 1257 824 1328 OONSPEOTVS.

171 1570 193 1625 Ι.
212 1555 435 1626 Prooemium.
474 1612 480 1625 .
519 1611 525 1625 .
563 1613 569 1626 .
608 1563 614 1625 ζ
653 1611 927 1633 .......
958 1561 962 1568 ’
964 1612 1148 1629 .....
1164 1514 1219 1628 ρειὲ1

154 1657 192 1712 ΙΙ.
212 1658 258 1713 De
277 1658 436 1714 Particulis
455 1658 641 1730 Copulativis
661 1661 692 1713 in
712 1659 925 1715 Universum.
962 1667 970 1715 '.
1008 1703 1014 1716 .
1052 1703 1058 1716 .
1097 1703 1103 1716 .
1142 1703 1148 1716 .
1203 1664 1221 1718 3

140 1746 192 1801 III.
212 1747 383 1802 Daharum
403 1749 620 1817 particularum
644 1749 675 1801 in
695 1749 784 1802 certis
805 1755 835 1817 et
854 1749 1048 1804 sollemnibus
1068 1750 1148 1805 locu·

212 1836 343 1890 tionibus
363 1850 421 1890 usu
470 1874 1059 1892 ..............
1091 1822 1104 1892 ¹.
1141 1878 1148 1892 .
1202 1839 1220 1894 b

139 1923 189 1978 IV.
209 1923 260 1977 ET
293 1963 298 1977 .
336 1964 342 1978 .
380 1965 386 1979 .
425 1965 431 1979 .
468 1939 470 1943 ·
470 1963 1147 1980 ................
1204 1927 1219 1982 7

222 2012 246 2066 1.
265 2012 312 2066 De
330 2014 499 2082 particulae
518 2015 546 2067 et
565 2013 756 2067 substantiva
777 2014 990 2112 coniungentis
1009 2029 1102 2068 usu.
1202 2015 1219 2068 8

289 2117 315 2155 a.
335 2101 440 2157 Partes
459 2102 507 2157 vel
528 2087 692 2157 divisiones
741 2139 1148 2156 ..........
1202 2104 1220 2157 8

288 2188 470 2260 b.0pposit'
463 2207 491 2245 10
512 2191 770 2245 substantivorum
829 2229 1146 2245 ........
1202 2193 1220 2244 9
1290 2213 1292 2216 ·

290 2278 462 2334 cNomina
482 2280 606 2350 propria
650 2318 655 2332 .
695 2315 701 2332 .
740 2296 775 2332 .’
784 2317 1147 2334 .........
1186 2281 1220 2352 10

289 2366 317 2420 d.
337 2365 437 2422 Terna
456 2368 604 2422 substant
584 2373 648 2422 trva
696 2405 1147 2422 ...........
1186 2368 1218 2420 11

290 2470 315 2509 e.
335 2455 393 2509 Per
416 2457 443 2509 et
467 2457 550 2510 notio
576 2456 729 2526 generalis
753 2454 877 2524 speciali
906 2460 935 2510 et
964 2456 1030 2510 vice
1058 2471 1147 2510 versa

337 2543 460 2600 additur
476 2582 1147 2598 ................
1186 2544 1219 2598 12

220 2629 246 2683 2.
265 2629 312 2685 De
331 2625 498 2701 particulae
517 2635 545 2686 et
564 2633 716 2688 adiectiva
738 2633 951 2702 coniungentis
970 2645 1029 2686 usu
1051 2671 1057 2683 .
1095 2673 1116 2704 .,
1139 2673 1147 2712 t
1186 2634 1219 2688 13

286 2735 313 2772 a.
333 2719 380 2774 Dc
408 2721 535 2791 singulis
563 2721 782 2776 adieetivorum
802 2720 950 2790 gradibus
969 2736 1029 2790 quo
1055 2723 1145 2776 modo

335 2811 560 2880 coniungantur
606 2849 613 2863 .
651 2848 657 2862 .
695 2847 702 2862 .
740 2849 746 2863 .
780 2804 782 2808 ’
784 2847 1147 2864 .........
1185 2810 1219 2863 13

286 2896 314 2950 b.
334 2897 380 2950 De
400 2898 550 2952 adiectivo
570 2899 685 2951 multus
738 2935 1146 2951 ..........
1184 2898 1219 2950 14
1245 2913 1247 2917 ·

289 2999 313 3038 c.
333 2984 379 3039 De
398 2986 605 3041 numeralibus
692 3023 1145 3042 ...........
1184 2986 1218 3040 14

218 3071 243 3126 3.
263 3072 309 3127 Da
328 3075 483 3143 particulis
503 3075 685 3145 copulativis
704 3089 773 3127 cum
792 3073 945 3127 adverbiis
959 3111 1144 3127 .....
1183 3073 1217 3126 15

286 3179 313 3217 a.
333 3162 418 3226 Quae
441 3165 609 3234 particulae
635 3163 775 3233 singulae
799 3163 877 3215 inter
905 3160 965 3215 dno
996 3160 1144 3215 adverbia

332 3259 520 3322 ponantur.
558 3293 563 3306 .
602 3293 609 3306 .
647 3293 653 3305 .
685 3269 688 3273 ·
692 3288 1144 3306 ...........
1181 3249 1216 3304 15

289 3341 317 3395 b.
337 3339 533 3411 Singulorum
553 3340 768 3396 adverbiorum
788 3338 942 3393 adiunctio
960 3377 1143 3391 .....
1182 3337 1216 3390 15

217 3427 243 3482 4.
263 3427 303 3480 Et
321 3444 376 3498 pro
397 3427 489 3484 etiam
513 3465 1143 3483 ...............
1182 3425 1216 3480 17

217 3515 243 3570 b.
262 3517 303 3570 Et
322 3516 562 3587 comparativum
606 3552 1144 3571 .............
1182 3514 1216 3568 19

216 3603 240 3658 6.
260 3603 301 3658 Et
319 3604 401 3658 valet
420 3606 448 3658 ct
465 3601 518 3670 sic,
538 3608 566 3659 et
583 3602 684 3672 itaet
701 3605 766 3658 tum
781 3621 795 3658 .·
826 3641 1142 3657 ........
1180 3601 1216 3655 20

217 3691 243 3746 t.
262 3691 321 3746 Per·
339 3694 367 3746 et
384 3693 564 3762 particulam
583 3693 719 3747 transitio
740 3692 772 3745 fit
826 3729 1143 3746 ........
1180 3691 1216 3744 20

216 3780 242 3834 8.
261 3780 301 3834 Et
319 3781 402 3835 valet
420 3782 448 3834 at
466 3779 590 3852 quidem
633 3841 636 3846 ,
647 3818 876 3835 ......
889 3767 891 3772 ’
915 3816 1142 3834 ......
1179 3777 1212 3832 21

216 3869 241 3923 9.
260 3869 301 3922 Et
319 3870 547 3925 adversativum
602 3906 1141 3925 .............
1178 3867 1214 3921 22

199 3958 242 4012 10.
260 3957 328 4014 Vox
347 3960 494 4029 negativa
513 3960 649 4028 sequitur
668 3958 911 4012 coniunctionem
931 3958 959 4011 et
1000 3997 1006 4011 .
1044 3997 1050 4010 .
1089 3994 1095 4010 .
1133 3995 1140 4010 .
1178 3955 1214 4010 24

151 4045 187 4102 V.
208 4045 284 4110 QVE
332 4083 1142 4103 ...................
1179 4045 1214 4098 26

216 4132 242 4186 1.
260 4133 307 4190 Dc
325 4138 494 4205 particulae
514 4127 571 4208 pue
590 4137 799 4192 conlocatione
823 4170 1142 4190 ........
1178 4132 1213 4187 27

284 4239 311 4277 a.
331 4223 377 4278 De
396 4239 454 4295 quc
472 4225 641 4295 particulae
661 4239 729 4279 cum
748 4222 1025 4293 praepositionibus
1044 4221 1142 4275 conlo-

332 4313 452 4368 catione
469 4348 1142 4368 ................
1178 4308 1214 4365 27

283 4397 311 4456 b.
334 4399 395 4464 Qae
414 4402 563 4472 particula
582 4403 700 4457 litterae
718 4401 866 4471 gutturali
885 4401 1009 4455 addita.
1048 4440 1053 4455 .
1092 4440 1097 4454 .
1137 4439 1142 4454 .
1179 4398 1214 4454 34
