3138 5202
671 501 847 556 ..21-

206 683 410 759 inopinatam
433 699 502 743 rem
526 685 708 744 faciendae.
755 685 840 744 Huic
857 685 1014 744 sermonis
1031 682 1144 764 generi
1161 685 1307 744 historici

206 793 326 860 aetatis
348 797 525 870 argenteae
549 793 692 852 maxime
715 793 869 853 faverunt
881 790 916 870 ¹),
941 779 999 864 sed
1023 793 1110 869 apud
1135 789 1307 854 Caesarem

206 907 257 959 est
284 899 497 960 rarissimum.
544 899 583 958 In
606 898 699 958 Bello
723 899 849 960 Gallico
873 908 905 960 et
929 901 1019 961 Bello
1042 900 1148 972 Civili,
1181 907 1307 960 tantum

208 1005 363 1080 quattuor
386 1007 468 1065 tales
491 1007 580 1065 locos
603 1007 714 1065 inveni
737 1013 834 1086 atque
854 1025 966 1068 omnes
982 1009 1049 1086 hos,
1074 1027 1139 1068 uno
1156 1015 1305 1084 excepto,

206 1114 242 1171 in
265 1113 348 1173 Belli
372 1111 485 1172 Civilis
509 1113 593 1172 libro
617 1114 722 1173 tertio.
769 1115 930 1191 Exempla
953 1117 1136 1193 subiungo:

314 1197 389 1278 Hoc
405 1214 558 1278 oratione
576 1215 691 1280 habita
707 1217 883 1281 concilium
897 1217 1033 1283 dimisit.
1062 1217 1109 1283 Et
1124 1217 1306 1283 occandum

206 1341 248 1385 ea
270 1321 395 1386 multoc
418 1342 473 1386 nce
498 1341 573 1386 cam
596 1323 825 1388 hortabantari
842 1345 909 1409 qua
931 1342 978 1406 re,
1003 1336 1078 1390 cett.
1103 1326 1131 1388 1.
1149 1323 1202 1388 33.
1219 1324 1250 1388 2.
1303 1346 1306 1352 “

314 1427 362 1494 Et
385 1429 482 1515 ioaqo
505 1430 703 1516 interposito
726 1431 847 1516 spatio,
872 1453 947 1497 cam
970 1431 1179 1498 diuturnitas
1203 1453 1306 1516 oppa-

204 1537 377 1621 9aatioaie
393 1537 652 1623 neqlcqcntiorce
665 1539 866 1605 Octavianos
884 1540 1054 1624 effecisset,
1071 1551 1147 1604 cett.
1160 1545 1218 1604 III.
1232 1539 1263 1604 9.
1274 1539 1305 1604 6.
1346 1579 1350 1588 ·

314 1644 422 1724 (Milo)
445 1646 559 1729 lapide
583 1646 669 1711 iotae
693 1667 736 1711 ca
759 1667 856 1712 maro
874 1647 990 1730 periit.
1015 1645 1306 1731 1101111110-

202 1752 326 1836 fectae,
351 1761 426 1816 cett.
451 1757 510 1817 ΙΙΙ.
526 1753 579 1817 22.
596 1753 627 1818 3.
888 1803 889 1806 .

314 1859 361 1924 Et
384 1859 422 1923 L.
448 1859 620 1926 Domitius
643 1862 679 1926 ia
703 1861 834 1926 comitio
858 1861 959 1942 dimit,
984 1869 1059 1926 cett.
1084 1866 1141 1925 III.
1159 1860 1210 1926 83.
1229 1861 1261 1925 3.

314 1971 365 2030 Ex
389 1971 735 2034 Pseudo-Caesarianis
760 1975 910 2049 excerpsi
934 1974 1030 2032 haec:
1091 1991 1095 1996 ·
1223 1989 1225 1994 ·

313 2073 360 2138 Et
388 2074 531 2157 hercule,
568 2096 643 2140 01101
671 2097 708 2142 eo
737 2076 855 2141 nuntio
873 2075 990 2160 paleis
1019 2076 1135 2160 inqene
1161 2075 1308 2159 conspici

205 2187 343 2264 coeptae
367 2187 424 2262 eet,
449 2191 525 2245 cett.
549 2182 672 2246 Α1.12.
692 2183 721 2248 1.

312 2287 369 2370 Et,
403 2289 618 2372 cumplures
642 2290 782 2355 adortae
807 2296 889 2354 cenet
903 2335 1022 2353 ......
1031 2338 1040 2371 ,
1071 2290 1163 2375 forte
1188 2290 1307 2355 incidit

207 2394 244 2458 in
268 2413 387 2459 aunem
411 2395 448 2459 ia
471 2416 547 2479 qao,
572 2405 647 2460 cett.
673 2401 725 2460 Af.
743 2395 796 2460 28.
813 2395 844 2460 2.

272 2517 274 2522 ·
314 2501 443 2566 Eodem
468 2500 521 2567 die
545 2501 583 2578 Q.
605 2501 757 2567 Marciae
775 2550 783 2566 .
804 2550 811 2566 .
831 2550 838 2566 .
859 2503 906 2567 ad
929 2522 991 2566 ace
1017 2501 1211 2588 transfudit.
1258 2502 1306 2568 Et

206 2609 314 2675 noctis
337 2609 439 2674 tertia
461 2609 588 2695 vicilia,
615 2620 690 2675 cett.
715 2616 755 2678 H.
776 2610 827 2674 11.
844 2609 889 2674 2.

486 2854 524 2920 8.
569 2853 624 2918 Et
645 2853 757 2920 valet
781 2857 820 2918 ct
844 2853 1032 2950 quidem.

312 2998 564 3074 Nonnumquam
580 3016 639 3076 per
656 3002 687 3060 et
703 3000 864 3060 sententia
880 2999 1041 3074 quaedam
1061 3004 1118 3058 aut
1140 2999 1229 3059 notio
1253 3016 1308 3057 ex·

204 3105 352 3181 plicandi
384 3122 484 3166 causa
516 3108 702 3182 apponitur,
739 3113 771 3166 et
799 3107 887 3166 haud
915 3122 990 3165 raro
1014 3107 1103 3180 apud
1127 3106 1208 3165 alios
1232 3105 1308 3165 scri-

204 3219 325 3288 ptores,
360 3214 416 3273 sad
449 3231 515 3274 non
544 3214 633 3288 apud
662 3211 844 3283 Caesarem,
877 3229 944 3272 una
971 3213 1029 3270 iila
1055 3228 1133 3300 vox,
1172 3213 1214 3272 de
1242 3228 1307 3286 qua

203 3321 348 3380 maxime
372 3321 490 3396 agitur,
514 3321 675 3396 repetitur
699 3316 753 3395 (01.
776 3320 855 3379 Tac.
872 3320 956 3380 Hist.
976 3317 1005 3378 1.
1019 3312 1062 3378 25
1079 3337 1086 3378 :
1106 3314 1135 3378 1.
1153 3311 1196 3377 ‘12
1213 3337 1221 3376 z
1239 3317 1305 3379 Cio.

204 3421 507 3501 1101011111119).
548 3427 586 3486 In
611 3427 731 3486 talibus
755 3427 976 3487 commissuris
996 3428 1028 3493 et
1050 3424 1216 3485 valereet
1239 3420 1307 3503 qui-

206 3527 291 3608 dem,
317 3533 348 3592 ci
370 3548 461 3603 sanc,
487 3535 518 3592 et
536 3529 692 3614 profecto
716 3533 862 3607 videtum
888 3533 946 3592 sed
970 3533 1051 3593 haec
1075 3533 1126 3592 vis
1142 3549 1206 3591 non
1230 3547 1305 3606 par·

204 3637 325 3698 1101110
339 3685 342 3690 .
355 3637 566 3698 attribuenda
595 3647 654 3716 est,
691 3641 799 3715 potius
826 3640 860 3698 in
884 3639 1051 3699 collocatis
1075 3639 1211 3713 reliquis
1234 3654 1306 3696 ver·

205 3745 255 3803 bis
271 3745 356 3804 inest
373 3761 456 3818 quae
474 3746 711 3806 distinctionem
734 3747 955 3806 definitionem
972 3738 1141 3818 addunt2).
1188 3738 1234 3803 Et
1252 3759 1306 3802 eoc-

196 3845 409 3930 pitanitium,
434 3853 521 3927 quod
545 3854 703 3928 appellari
721 3856 842 3929 potest„
861 3851 1124 3928 frequentissime
1141 3857 1217 3908 ante
1234 3865 1305 3923 pro-

203 3975 322 4018 nomen
345 3954 375 4018 ie
399 3965 455 4019 aut
479 3959 674 4018 adverbium
704 3954 852 4018 manime
880 3960 1039 4034 ponitur..
1072 3955 1232 4047 Exempla
1262 3971 1305 4013 ex

204 4063 342 4124 Caesare
366 4071 398 4124 et
421 4066 490 4125 eius
515 4067 749 4140 supplementis
773 4066 902 4125 adfero:
927 4061 1032 4144 qaod.
1047 4077 1170 4122 anum
1185 4055 1306 4120 habeat

204 4171 235 4230 ct
253 4171 503 4253 peranqaetdm
527 4167 668 4248 aditam,
694 4165 723 4230 i.
745 4165 796 4230 15.
813 4164 844 4230 5.

203 4381 206 4386 .
312 4337 341 4406 1)
360 4339 407 4394 De
427 4339 535 4394 Tacito
556 4340 593 4393 ci.
613 4337 718 4409 Spitta,
738 4355 768 4408 p.
789 4338 848 4392 104.
969 4422 970 4426 Ἰ

309 4425 338 4492 2)
358 4425 401 4482 Cf.
422 4425 549 4484 Kiihner
567 4431 583 4492 ξ
602 4426 667 4497 151;
686 4425 825 4496 Draeger
843 4425 982 4496 11.p.1a;
1001 4426 1104 4496 Reisig
1124 4426 1176 4481 III.
1196 4443 1224 4496 p.
1241 4426 1304 4482 195·
