<?xml version="1.0" encoding="UTF-8"?>
<!DOCTYPE html PUBLIC "-//W3C//DTD XHTML 1.0 Transitional//EN"
    "http://www.w3.org/TR/xhtml1/DTD/xhtml1-transitional.dtd">
<html xmlns="http://www.w3.org/1999/xhtml" xml:lang="en" lang="en">
 <head>
  <title>
</title>
<meta http-equiv="Content-Type" content="text/html;charset=utf-8" />
  <meta name='ocr-system' content='tesseract 3.04.00' />
  <meta name='ocr-capabilities' content='ocr_page ocr_carea ocr_par ocr_line ocrx_word'/>
</head>
<body>
  <div class='ocr_page' id='page_1' title='image "./departicularumc01ooggoog_0037.png"; bbox 0 0 3138 5202; ppageno 0'>
   <div class='ocr_carea' id='block_1_1' title="bbox 763 483 939 552">
    <p class='ocr_par' dir='ltr' id='par_1_1' title="bbox 763 483 939 552">
     <span class='ocr_line' id='line_1_1' title="bbox 763 483 939 552; baseline 0.006 -16"><span class='ocrx_word' id='word_1_1' title='bbox 763 483 939 552; x_wconf 50' lang='lat' dir='ltr'>*QG-&#39;-</span> 
     </span>
    </p>
   </div>
   <div class='ocr_carea' id='block_1_2' title="bbox 301 677 1402 863">
    <p class='ocr_par' dir='ltr' id='par_1_2' title="bbox 301 677 1402 863">
     <span class='ocr_line' id='line_1_2' title="bbox 301 677 1402 756; baseline 0 -17"><span class='ocrx_word' id='word_1_2' title='bbox 301 677 398 756; x_wconf 85' lang='lat' dir='ltr'>e&#39;epta</span> <span class='ocrx_word' id='word_1_3' title='bbox 431 685 529 755; x_wconf 80' lang='lat' dir='ltr'>quam</span> <span class='ocrx_word' id='word_1_4' title='bbox 556 679 764 739; x_wconf 78' lang='lat' dir='ltr'>memoravi.</span> <span class='ocrx_word' id='word_1_5' title='bbox 802 679 867 740; x_wconf 83' lang='lat' dir='ltr'>Sed</span> <span class='ocrx_word' id='word_1_6' title='bbox 902 681 1079 756; x_wconf 78' lang='lat' dir='ltr'><strong>scriptores</strong></span> <span class='ocrx_word' id='word_1_7' title='bbox 1111 677 1192 740; x_wconf 85' lang='lat' dir='ltr'>Belli</span> <span class='ocrx_word' id='word_1_8' title='bbox 1227 679 1331 740; x_wconf 80' lang='lat' dir='ltr'>Alrlel</span> <span class='ocrx_word' id='word_1_9' title='bbox 1366 685 1402 740; x_wconf 89' lang='lat' dir='ltr'>et</span> 
     </span>
     <span class='ocr_line' id='line_1_3' title="bbox 301 781 1124 863; baseline 0 -17"><span class='ocrx_word' id='word_1_10' title='bbox 301 781 632 863; x_wconf 71' lang='lat' dir='ltr'>Belll&#39;Hispunlenels</span> <span class='ocrx_word' id='word_1_11' title='bbox 646 787 687 847; x_wconf 40' lang='lat' dir='ltr'>*el</span> <span class='ocrx_word' id='word_1_12' title='bbox 711 801 777 846; x_wconf 78' lang='lat' dir='ltr'>nou</span> <span class='ocrx_word' id='word_1_13' title='bbox 801 787 932 862; x_wconf 78' lang='lat' dir='ltr'>saepius</span> <span class='ocrx_word' id='word_1_14' title='bbox 956 787 1124 848; x_wconf 78' lang='lat' dir='ltr'>adhibent.</span> 
     </span>
    </p>
   </div>
   <div class='ocr_carea' id='block_1_3' title="bbox 714 1059 969 1224">
    <p class='ocr_par' dir='ltr' id='par_1_3' title="bbox 714 1059 969 1224">
     <span class='ocr_line' id='line_1_4' title="bbox 714 1059 969 1224; baseline -0.016 -22"><span class='ocrx_word' id='word_1_15' title='bbox 714 1059 785 1202; x_wconf 78' lang='lat' dir='ltr'>v.</span> <span class='ocrx_word' id='word_1_16' title='bbox 829 1117 969 1224; x_wconf 77' lang='lat' dir='ltr'>ove.</span> 
     </span>
    </p>
   </div>
   <div class='ocr_carea' id='block_1_4' title="bbox 301 1301 1402 1489">
    <p class='ocr_par' dir='ltr' id='par_1_4' title="bbox 301 1301 1402 1489">
     <span class='ocr_line' id='line_1_5' title="bbox 311 1301 1402 1378; baseline -0.001 -16"><span class='ocrx_word' id='word_1_17' title='bbox 311 1353 315 1362; x_wconf 78' lang='grc'><em>,</em></span> <span class='ocrx_word' id='word_1_18' title='bbox 408 1301 452 1362; x_wconf 88' lang='lat' dir='ltr'>Ut</span> <span class='ocrx_word' id='word_1_19' title='bbox 475 1319 534 1378; x_wconf 85' lang='lat' dir='ltr'>per</span> <span class='ocrx_word' id='word_1_20' title='bbox 566 1305 597 1364; x_wconf 86' lang='lat' dir='ltr'>et</span> <span class='ocrx_word' id='word_1_21' title='bbox 630 1303 825 1378; x_wconf 79' lang='lat' dir='ltr'>copulantur</span> <span class='ocrx_word' id='word_1_22' title='bbox 857 1303 1005 1362; x_wconf 88' lang='lat' dir='ltr'>notiones</span> <span class='ocrx_word' id='word_1_23' title='bbox 1030 1303 1082 1362; x_wconf 87' lang='lat' dir='ltr'>vel</span> <span class='ocrx_word' id='word_1_24' title='bbox 1113 1304 1282 1364; x_wconf 83' lang='lat' dir='ltr'>enuntiata</span> <span class='ocrx_word' id='word_1_25' title='bbox 1309 1303 1402 1363; x_wconf 90' lang='lat' dir='ltr'>omni</span> 
     </span>
     <span class='ocr_line' id='line_1_6' title="bbox 301 1408 1402 1489; baseline 0 -21"><span class='ocrx_word' id='word_1_26' title='bbox 301 1409 455 1470; x_wconf 88' lang='lat' dir='ltr'>interiore</span> <span class='ocrx_word' id='word_1_27' title='bbox 475 1410 614 1470; x_wconf 85' lang='lat' dir='ltr'>¹ratione</span> <span class='ocrx_word' id='word_1_28' title='bbox 642 1410 808 1488; x_wconf 82' lang='lat' dir='ltr'>neglecta,</span> <span class='ocrx_word' id='word_1_29' title='bbox 845 1410 891 1469; x_wconf 86' lang='lat' dir='ltr'>ita</span> <span class='ocrx_word' id='word_1_30' title='bbox 923 1426 982 1484; x_wconf 91' lang='lat' dir='ltr'>per</span> <span class='ocrx_word' id='word_1_31' title='bbox 1014 1425 1075 1489; x_wconf 78' lang='lat' dir='ltr'>que</span> <span class='ocrx_word' id='word_1_32' title='bbox 1109 1408 1178 1478; x_wconf 84' lang='lat' dir='ltr'>(Gr.</span> <span class='ocrx_word' id='word_1_33' title='bbox 1208 1425 1253 1487; x_wconf 84' lang='grc' dir='ltr'>τε,</span> <span class='ocrx_word' id='word_1_34' title='bbox 1288 1417 1402 1470; x_wconf 85' lang='lat' dir='ltr'>nostra</span> 
     </span>
    </p>
   </div>
   <div class='ocr_carea' id='block_1_5' title="bbox 199 1510 1402 1602">
    <p class='ocr_par' dir='ltr' id='par_1_5' title="bbox 199 1510 1402 1602">
     <span class='ocr_line' id='line_1_7' title="bbox 199 1510 1402 1602; baseline 0.001 -27"><span class='ocrx_word' id='word_1_35' title='bbox 199 1597 202 1602; x_wconf 27' lang='grc' dir='ltr'>Ι</span> <span class='ocrx_word' id='word_1_36' title='bbox 301 1515 415 1593; x_wconf 84' lang='lat' dir='ltr'>lingua</span> <span class='ocrx_word' id='word_1_37' title='bbox 434 1510 542 1590; x_wconf 77' lang='lat' dir='ltr'>‘ulao’)</span> <span class='ocrx_word' id='word_1_38' title='bbox 567 1515 714 1578; x_wconf 87' lang='lat' dir='ltr'>notiones</span> <span class='ocrx_word' id='word_1_39' title='bbox 735 1517 789 1574; x_wconf 85' lang='lat' dir='ltr'>vel</span> <span class='ocrx_word' id='word_1_40' title='bbox 813 1517 982 1576; x_wconf 85' lang='lat' dir='ltr'>enuntiata</span> <span class='ocrx_word' id='word_1_41' title='bbox 1005 1522 1119 1591; x_wconf 86' lang='lat' dir='ltr'>suapte</span> <span class='ocrx_word' id='word_1_42' title='bbox 1143 1523 1262 1576; x_wconf 83' lang='lat' dir='ltr'>natura</span> <span class='ocrx_word' id='word_1_43' title='bbox 1284 1517 1402 1577; x_wconf 87' lang='lat' dir='ltr'>eohae-</span> 
     </span>
    </p>
   </div>
   <div class='ocr_carea' id='block_1_6' title="bbox 275 1621 1404 3828">
    <p class='ocr_par' dir='ltr' id='par_1_6' title="bbox 275 1621 1404 2979">
     <span class='ocr_line' id='line_1_8' title="bbox 300 1621 1404 1701; baseline -0.002 -18"><span class='ocrx_word' id='word_1_44' title='bbox 300 1622 417 1684; x_wconf 80' lang='lat' dir='ltr'>tentia.</span> <span class='ocrx_word' id='word_1_45' title='bbox 464 1621 535 1698; x_wconf 81' lang='lat' dir='ltr'>Qua</span> <span class='ocrx_word' id='word_1_46' title='bbox 564 1624 605 1682; x_wconf 85' lang='lat' dir='ltr'>de</span> <span class='ocrx_word' id='word_1_47' title='bbox 634 1631 734 1683; x_wconf 84' lang='lat' dir='ltr'>eausa</span> <span class='ocrx_word' id='word_1_48' title='bbox 762 1637 823 1701; x_wconf 79' lang='lat' dir='ltr'>que</span> <span class='ocrx_word' id='word_1_49' title='bbox 851 1625 900 1682; x_wconf 89' lang='lat' dir='ltr'>est</span> <span class='ocrx_word' id='word_1_50' title='bbox 932 1622 1137 1697; x_wconf 89' lang='lat' dir='ltr'>aptissimum</span> <span class='ocrx_word' id='word_1_51' title='bbox 1165 1626 1198 1682; x_wconf 89' lang='lat' dir='ltr'>et</span> <span class='ocrx_word' id='word_1_52' title='bbox 1220 1639 1404 1683; x_wconf 85' lang='lat' dir='ltr'>aeeommo·</span> 
     </span>
     <span class='ocr_line' id='line_1_9' title="bbox 299 1727 1402 1807; baseline -0.001 -16"><span class='ocrx_word' id='word_1_53' title='bbox 299 1727 507 1792; x_wconf 75' lang='lat' dir='ltr'>,uatissimum</span> <span class='ocrx_word' id='word_1_54' title='bbox 541 1729 584 1788; x_wconf 85' lang='lat' dir='ltr'>ed</span> <span class='ocrx_word' id='word_1_55' title='bbox 619 1730 720 1807; x_wconf 84' lang='lat' dir='ltr'>leges,</span> <span class='ocrx_word' id='word_1_56' title='bbox 756 1734 843 1799; x_wconf 79' lang='lat' dir='ltr'>aeta,</span> <span class='ocrx_word' id='word_1_57' title='bbox 879 1728 1071 1802; x_wconf 83' lang='lat' dir='ltr'>reliquaque</span> <span class='ocrx_word' id='word_1_58' title='bbox 1105 1729 1266 1790; x_wconf 76' lang='lat' dir='ltr'>eiusmodi</span> <span class='ocrx_word' id='word_1_59' title='bbox 1302 1729 1402 1790; x_wconf 84' lang='lat' dir='ltr'>doen·</span> 
     </span>
     <span class='ocr_line' id='line_1_10' title="bbox 302 1834 1401 1914; baseline 0.004 -22"><span class='ocrx_word' id='word_1_60' title='bbox 302 1842 422 1914; x_wconf 72' lang='lat' dir='ltr'>menta,</span> <span class='ocrx_word' id='word_1_61' title='bbox 435 1852 518 1910; x_wconf 86' lang='lat' dir='ltr'>quae</span> <span class='ocrx_word' id='word_1_62' title='bbox 535 1834 703 1894; x_wconf 79' lang='lat' dir='ltr'>astrictum</span> <span class='ocrx_word' id='word_1_63' title='bbox 721 1834 853 1893; x_wconf 89' lang='lat' dir='ltr'>dieendi</span> <span class='ocrx_word' id='word_1_64' title='bbox 869 1850 974 1911; x_wconf 79' lang='lat' dir='ltr'>genus</span> <span class='ocrx_word' id='word_1_65' title='bbox 991 1837 1260 1910; x_wconf 79' lang='lat' dir='ltr'>contractumque</span> <span class='ocrx_word' id='word_1_66' title='bbox 1276 1843 1401 1898; x_wconf 84' lang='lat' dir='ltr'>ament.</span> 
     </span>
     <span class='ocr_line' id='line_1_11' title="bbox 301 1940 1401 2020; baseline 0.001 -20"><span class='ocrx_word' id='word_1_67' title='bbox 301 1940 416 2016; x_wconf 84' lang='lat' dir='ltr'>Itaque</span> <span class='ocrx_word' id='word_1_68' title='bbox 439 1942 473 2001; x_wconf 90' lang='lat' dir='ltr'>in</span> <span class='ocrx_word' id='word_1_69' title='bbox 497 1941 732 2016; x_wconf 80' lang='lat' dir='ltr'>antiquissimis</span> <span class='ocrx_word' id='word_1_70' title='bbox 756 1941 889 2018; x_wconf 82' lang='lat' dir='ltr'>linguae</span> <span class='ocrx_word' id='word_1_71' title='bbox 905 1940 1041 2020; x_wconf 73' lang='lat' dir='ltr'>Latinae</span> <span class='ocrx_word' id='word_1_72' title='bbox 1064 1942 1292 2014; x_wconf 74' lang='lat' dir='ltr'>monumentis,</span> <span class='ocrx_word' id='word_1_73' title='bbox 1313 1958 1401 2016; x_wconf 84' lang='lat' dir='ltr'>quae</span> 
     </span>
     <span class='ocr_line' id='line_1_12' title="bbox 275 2046 1401 2124; baseline 0 -16"><span class='ocrx_word' id='word_1_74' title='bbox 275 2048 458 2124; x_wconf 80' lang='lat' dir='ltr'>pleraque</span> <span class='ocrx_word' id='word_1_75' title='bbox 482 2049 640 2110; x_wconf 87' lang='lat' dir='ltr'>eiusmodi</span> <span class='ocrx_word' id='word_1_76' title='bbox 664 2054 749 2120; x_wconf 87' lang='lat' dir='ltr'>sunt,</span> <span class='ocrx_word' id='word_1_77' title='bbox 778 2048 859 2108; x_wconf 86' lang='lat' dir='ltr'>haee</span> <span class='ocrx_word' id='word_1_78' title='bbox 887 2047 1050 2122; x_wconf 79' lang='lat' dir='ltr'>particula</span> <span class='ocrx_word' id='word_1_79' title='bbox 1079 2046 1223 2108; x_wconf 84' lang='lat' dir='ltr'>maxime</span> <span class='ocrx_word' id='word_1_80' title='bbox 1246 2047 1401 2122; x_wconf 81' lang='lat' dir='ltr'>frequen·</span> 
     </span>
     <span class='ocr_line' id='line_1_13' title="bbox 302 2155 1402 2233; baseline 0.001 -20"><span class='ocrx_word' id='word_1_81' title='bbox 302 2160 401 2225; x_wconf 90' lang='lat' dir='ltr'>tatur,</span> <span class='ocrx_word' id='word_1_82' title='bbox 437 2161 469 2214; x_wconf 91' lang='lat' dir='ltr'>et</span> <span class='ocrx_word' id='word_1_83' title='bbox 501 2171 606 2230; x_wconf 88' lang='lat' dir='ltr'>usque</span> <span class='ocrx_word' id='word_1_84' title='bbox 637 2156 719 2214; x_wconf 86' lang='lat' dir='ltr'>adeo</span> <span class='ocrx_word' id='word_1_85' title='bbox 752 2161 789 2214; x_wconf 89' lang='lat' dir='ltr'>ut</span> <span class='ocrx_word' id='word_1_86' title='bbox 812 2156 843 2214; x_wconf 83' lang='lat' dir='ltr'>ei</span> <span class='ocrx_word' id='word_1_87' title='bbox 866 2160 899 2213; x_wconf 86' lang='lat' dir='ltr'>et</span> <span class='ocrx_word' id='word_1_88' title='bbox 928 2155 1026 2233; x_wconf 81' lang='lat' dir='ltr'>atque</span> <span class='ocrx_word' id='word_1_89' title='bbox 1060 2169 1193 2228; x_wconf 85' lang='lat' dir='ltr'>perraro</span> <span class='ocrx_word' id='word_1_90' title='bbox 1226 2157 1402 2230; x_wconf 87' lang='lat' dir='ltr'>ponantur,</span> 
     </span>
     <span class='ocr_line' id='line_1_14' title="bbox 298 2260 1402 2338; baseline -0.003 -14"><span class='ocrx_word' id='word_1_91' title='bbox 298 2268 370 2324; x_wconf 78' lang='lat' dir='ltr'>,tum</span> <span class='ocrx_word' id='word_1_92' title='bbox 394 2266 520 2326; x_wconf 87' lang='lat' dir='ltr'>tantum</span> <span class='ocrx_word' id='word_1_93' title='bbox 545 2277 619 2324; x_wconf 87' lang='lat' dir='ltr'>eum</span> <span class='ocrx_word' id='word_1_94' title='bbox 636 2262 809 2338; x_wconf 76' lang='lat' dir='ltr'>ambiguas</span> <span class='ocrx_word' id='word_1_95' title='bbox 825 2260 993 2320; x_wconf 84' lang='lat' dir='ltr'>innotures</span> <span class='ocrx_word' id='word_1_96' title='bbox 1009 2260 1108 2327; x_wconf 78' lang='lat' dir='ltr'>vitari</span> <span class='ocrx_word' id='word_1_97' title='bbox 1125 2261 1269 2336; x_wconf 85' lang='lat' dir='ltr'>oportuit</span> <span class='ocrx_word' id='word_1_98' title='bbox 1285 2262 1402 2335; x_wconf 88' lang='lat' dir='ltr'>quales</span> 
     </span>
     <span class='ocr_line' id='line_1_15' title="bbox 302 2362 1401 2448; baseline 0 -20"><span class='ocrx_word' id='word_1_99' title='bbox 302 2373 377 2432; x_wconf 88' lang='lat' dir='ltr'>suut</span> <span class='ocrx_word' id='word_1_100' title='bbox 400 2364 523 2448; x_wconf 79' lang='lat' dir='ltr'>utique,</span> <span class='ocrx_word' id='word_1_101' title='bbox 547 2383 662 2448; x_wconf 77' lang='lat' dir='ltr'>aeque,</span> <span class='ocrx_word' id='word_1_102' title='bbox 685 2363 848 2446; x_wconf 78' lang='lat' dir='ltr'>undeque,</span> <span class='ocrx_word' id='word_1_103' title='bbox 873 2362 992 2446; x_wconf 78' lang='lat' dir='ltr'>adque,</span> <span class='ocrx_word' id='word_1_104' title='bbox 1016 2374 1092 2432; x_wconf 88' lang='lat' dir='ltr'>oett.</span> <span class='ocrx_word' id='word_1_105' title='bbox 1107 2363 1144 2441; x_wconf 87' lang='lat'>¹).</span> <span class='ocrx_word' id='word_1_106' title='bbox 1177 2367 1280 2443; x_wconf 82' lang='lat' dir='ltr'>Quem</span> <span class='ocrx_word' id='word_1_107' title='bbox 1302 2383 1401 2428; x_wconf 88' lang='lat' dir='ltr'>usum</span> 
     </span>
     <span class='ocr_line' id='line_1_16' title="bbox 296 2474 1401 2550; baseline 0.001 -17"><span class='ocrx_word' id='word_1_108' title='bbox 296 2475 498 2549; x_wconf 87' lang='lat' dir='ltr'>-prooedente</span> <span class='ocrx_word' id='word_1_109' title='bbox 534 2481 680 2550; x_wconf 85' lang='lat' dir='ltr'>ternpore</span> <span class='ocrx_word' id='word_1_110' title='bbox 715 2475 935 2549; x_wconf 76' lang='lat' dir='ltr'>permansisse</span> <span class='ocrx_word' id='word_1_111' title='bbox 970 2480 1020 2534; x_wconf 88' lang='lat' dir='ltr'>est</span> <span class='ocrx_word' id='word_1_112' title='bbox 1057 2474 1282 2544; x_wconf 81' lang='lat' dir='ltr'>manifestum,</span> <span class='ocrx_word' id='word_1_113' title='bbox 1321 2489 1401 2534; x_wconf 81' lang='lat' dir='ltr'>narn</span> 
     </span>
     <span class='ocr_line' id='line_1_17' title="bbox 302 2572 1402 2658; baseline 0 -18"><span class='ocrx_word' id='word_1_114' title='bbox 302 2577 414 2640; x_wconf 83' lang='lat' dir='ltr'>Gieero</span> <span class='ocrx_word' id='word_1_115' title='bbox 448 2581 482 2639; x_wconf 90' lang='lat' dir='ltr'>in</span> <span class='ocrx_word' id='word_1_116' title='bbox 517 2588 648 2640; x_wconf 85' lang='lat' dir='ltr'>senatus</span> <span class='ocrx_word' id='word_1_117' title='bbox 683 2581 831 2640; x_wconf 90' lang='lat' dir='ltr'>oonsnlto</span> <span class='ocrx_word' id='word_1_118' title='bbox 867 2573 960 2657; x_wconf 86' lang='lat' dir='ltr'>[Phil.</span> <span class='ocrx_word' id='word_1_119' title='bbox 980 2575 1030 2638; x_wconf 88' lang='lat'>14.</span> <span class='ocrx_word' id='word_1_120' title='bbox 1052 2572 1107 2658; x_wconf 83' lang='lat'>36]</span> <span class='ocrx_word' id='word_1_121' title='bbox 1143 2581 1220 2641; x_wconf 83' lang='lat' dir='ltr'>dato</span> <span class='ocrx_word' id='word_1_122' title='bbox 1247 2581 1402 2656; x_wconf 63' lang='lat' dir='ltr'>,quadra-</span> 
     </span>
     <span class='ocr_line' id='line_1_18' title="bbox 301 2685 1399 2766; baseline -0.003 -18"><span class='ocrx_word' id='word_1_123' title='bbox 301 2687 427 2764; x_wconf 79' lang='lat' dir='ltr'>gesimo</span> <span class='ocrx_word' id='word_1_124' title='bbox 449 2687 546 2748; x_wconf 88' lang='lat' dir='ltr'>tertio</span> <span class='ocrx_word' id='word_1_125' title='bbox 568 2703 655 2747; x_wconf 83' lang='lat' dir='ltr'>enno</span> <span class='ocrx_word' id='word_1_126' title='bbox 679 2693 755 2748; x_wconf 88' lang='lat' dir='ltr'>ante</span> <span class='ocrx_word' id='word_1_127' title='bbox 771 2685 933 2748; x_wconf 81' lang='lat' dir='ltr'>Christum</span> <span class='ocrx_word' id='word_1_128' title='bbox 957 2687 1145 2766; x_wconf 80' lang='lat' dir='ltr'>posuitque</span> <span class='ocrx_word' id='word_1_129' title='bbox 1161 2694 1211 2748; x_wconf 90' lang='lat' dir='ltr'>ter</span> <span class='ocrx_word' id='word_1_130' title='bbox 1234 2693 1267 2747; x_wconf 88' lang='lat' dir='ltr'>ot</span> <span class='ocrx_word' id='word_1_131' title='bbox 1282 2688 1399 2760; x_wconf 80' lang='lat' dir='ltr'>vicies,</span> 
     </span>
     <span class='ocr_line' id='line_1_19' title="bbox 302 2779 1402 2873; baseline -0.001 -20"><span class='ocrx_word' id='word_1_132' title='bbox 302 2795 334 2853; x_wconf 82' lang='lat' dir='ltr'>ei</span> <span class='ocrx_word' id='word_1_133' title='bbox 350 2793 411 2864; x_wconf 91' lang='lat' dir='ltr'>bis,</span> <span class='ocrx_word' id='word_1_134' title='bbox 435 2796 534 2873; x_wconf 80' lang='lat' dir='ltr'>atqua</span> <span class='ocrx_word' id='word_1_135' title='bbox 551 2793 662 2869; x_wconf 87' lang='lat' dir='ltr'>semel,</span> <span class='ocrx_word' id='word_1_136' title='bbox 686 2799 719 2851; x_wconf 89' lang='lat' dir='ltr'>et</span> <span class='ocrx_word' id='word_1_137' title='bbox 739 2793 773 2851; x_wconf 88' lang='lat' dir='ltr'>id</span> <span class='ocrx_word' id='word_1_138' title='bbox 797 2809 871 2854; x_wconf 89' lang='lat' dir='ltr'>eum</span> <span class='ocrx_word' id='word_1_139' title='bbox 895 2793 965 2868; x_wconf 90' lang='lat' dir='ltr'>ipse</span> <span class='ocrx_word' id='word_1_140' title='bbox 988 2779 1212 2868; x_wconf 56' lang='lat' dir='ltr'>fere&#39;pareius</span> <span class='ocrx_word' id='word_1_141' title='bbox 1236 2787 1402 2870; x_wconf 78' lang='lat' dir='ltr'>particula</span> 
     </span>
     <span class='ocr_line' id='line_1_20' title="bbox 300 2893 1167 2979; baseline -0.005 -19"><span class='ocrx_word' id='word_1_142' title='bbox 300 2915 365 2979; x_wconf 75' lang='lat' dir='ltr'>,que</span> <span class='ocrx_word' id='word_1_143' title='bbox 387 2905 500 2960; x_wconf 83' lang='lat' dir='ltr'>utatur</span> <span class='ocrx_word' id='word_1_144' title='bbox 524 2915 621 2974; x_wconf 83' lang='lat' dir='ltr'>quam</span> <span class='ocrx_word' id='word_1_145' title='bbox 645 2900 701 2959; x_wconf 84' lang='lat' dir='ltr'>alii</span> <span class='ocrx_word' id='word_1_146' title='bbox 724 2899 923 2959; x_wconf 85' lang='lat' dir='ltr'>reeentiores</span> <span class='ocrx_word' id='word_1_147' title='bbox 948 2893 1167 2972; x_wconf 50' lang='lat' dir='ltr'>scriptorem).</span> 
     </span>
    </p>

    <p class='ocr_par' dir='ltr' id='par_1_7' title="bbox 301 3005 1402 3828">
     <span class='ocr_line' id='line_1_21' title="bbox 409 3005 1402 3083; baseline 0 -19"><span class='ocrx_word' id='word_1_148' title='bbox 409 3005 518 3081; x_wconf 80' lang='lat' dir='ltr'>Atque</span> <span class='ocrx_word' id='word_1_149' title='bbox 542 3023 584 3065; x_wconf 88' lang='lat' dir='ltr'>ex</span> <span class='ocrx_word' id='word_1_150' title='bbox 608 3007 884 3083; x_wconf 72' lang='lat' dir='ltr'>inscriptionibuS,</span> <span class='ocrx_word' id='word_1_151' title='bbox 910 3005 1039 3065; x_wconf 87' lang='lat' dir='ltr'>etiamsi</span> <span class='ocrx_word' id='word_1_152' title='bbox 1057 3005 1140 3070; x_wconf 86' lang='lat' dir='ltr'>elius</span> <span class='ocrx_word' id='word_1_153' title='bbox 1162 3005 1319 3066; x_wconf 88' lang='lat' dir='ltr'>orationis</span> <span class='ocrx_word' id='word_1_154' title='bbox 1342 3006 1402 3064; x_wconf 85' lang='lat' dir='ltr'>ha·</span> 
     </span>
     <span class='ocr_line' id='line_1_22' title="bbox 302 3111 1400 3192; baseline 0.004 -22"><span class='ocrx_word' id='word_1_155' title='bbox 302 3111 390 3172; x_wconf 90' lang='lat' dir='ltr'>bitus</span> <span class='ocrx_word' id='word_1_156' title='bbox 414 3113 523 3184; x_wconf 85' lang='lat' dir='ltr'>fuerit,</span> <span class='ocrx_word' id='word_1_157' title='bbox 549 3114 705 3178; x_wconf 84' lang='lat' dir='ltr'>discimus</span> <span class='ocrx_word' id='word_1_158' title='bbox 729 3115 867 3176; x_wconf 81' lang='lat' dir='ltr'>eandem</span> <span class='ocrx_word' id='word_1_159' title='bbox 891 3114 1096 3188; x_wconf 78' lang='lat' dir='ltr'>particulam,</span> <span class='ocrx_word' id='word_1_160' title='bbox 1121 3114 1199 3192; x_wconf 88' lang='lat' dir='ltr'>lieet</span> <span class='ocrx_word' id='word_1_161' title='bbox 1215 3131 1279 3174; x_wconf 91' lang='lat' dir='ltr'>nou</span> <span class='ocrx_word' id='word_1_162' title='bbox 1304 3131 1400 3189; x_wconf 87' lang='lat' dir='ltr'>prae-</span> 
     </span>
     <span class='ocr_line' id='line_1_23' title="bbox 301 3216 1401 3296; baseline 0.002 -18"><span class='ocrx_word' id='word_1_163' title='bbox 301 3218 453 3296; x_wconf 65' lang='lat' dir='ltr'>voluerit,</span> <span class='ocrx_word' id='word_1_164' title='bbox 481 3227 591 3286; x_wconf 88' lang='lat' dir='ltr'>tamen</span> <span class='ocrx_word' id='word_1_165' title='bbox 615 3222 646 3280; x_wconf 86' lang='lat' dir='ltr'>ei</span> <span class='ocrx_word' id='word_1_166' title='bbox 670 3220 865 3296; x_wconf 81' lang='lat' dir='ltr'>particulam</span> <span class='ocrx_word' id='word_1_167' title='bbox 890 3236 995 3295; x_wconf 85' lang='lat' dir='ltr'>paene</span> <span class='ocrx_word' id='word_1_168' title='bbox 1019 3221 1211 3295; x_wconf 77' lang='lat' dir='ltr'>aequauisse</span> <span class='ocrx_word' id='word_1_169' title='bbox 1220 3216 1256 3295; x_wconf 79' lang='lat'>⁸).</span> <span class='ocrx_word' id='word_1_170' title='bbox 1302 3220 1401 3280; x_wconf 85' lang='lat' dir='ltr'>Hane</span> 
     </span>
     <span class='ocr_line' id='line_1_24' title="bbox 302 3324 1400 3402; baseline 0 -16"><span class='ocrx_word' id='word_1_171' title='bbox 302 3324 520 3400; x_wconf 77' lang='lat' dir='ltr'>frequentiam</span> <span class='ocrx_word' id='word_1_172' title='bbox 544 3327 819 3402; x_wconf 83' lang='lat' dir='ltr'>permansissem</span> <span class='ocrx_word' id='word_1_173' title='bbox 844 3341 992 3386; x_wconf 87' lang='lat' dir='ltr'>sermone</span> <span class='ocrx_word' id='word_1_174' title='bbox 1021 3327 1133 3402; x_wconf 90' lang='lat' dir='ltr'>populi</span> <span class='ocrx_word' id='word_1_175' title='bbox 1161 3327 1328 3388; x_wconf 77' lang='lat' dir='ltr'>cotidiano</span> <span class='ocrx_word' id='word_1_176' title='bbox 1351 3327 1400 3386; x_wconf 83' lang='lat' dir='ltr'>fa·</span> 
     </span>
     <span class='ocr_line' id='line_1_25' title="bbox 302 3430 1400 3510; baseline 0.002 -20"><span class='ocrx_word' id='word_1_177' title='bbox 302 3430 363 3490; x_wconf 86' lang='lat' dir='ltr'>olle</span> <span class='ocrx_word' id='word_1_178' title='bbox 399 3432 618 3510; x_wconf 82' lang='lat' dir='ltr'>intellegitur,</span> <span class='ocrx_word' id='word_1_179' title='bbox 658 3439 831 3507; x_wconf 86' lang='lat' dir='ltr'>propterea</span> <span class='ocrx_word' id='word_1_180' title='bbox 865 3433 952 3507; x_wconf 88' lang='lat' dir='ltr'>quod</span> <span class='ocrx_word' id='word_1_181' title='bbox 991 3432 1139 3494; x_wconf 87' lang='lat' dir='ltr'>homines</span> <span class='ocrx_word' id='word_1_182' title='bbox 1174 3433 1282 3507; x_wconf 90' lang='lat' dir='ltr'>plebei</span> <span class='ocrx_word' id='word_1_183' title='bbox 1316 3433 1400 3492; x_wconf 85' lang='lat' dir='ltr'>anti·</span> 
     </span>
     <span class='ocr_line' id='line_1_26' title="bbox 303 3536 1399 3616; baseline 0.005 -22"><span class='ocrx_word' id='word_1_184' title='bbox 303 3536 460 3608; x_wconf 86' lang='lat' dir='ltr'>quissima</span> <span class='ocrx_word' id='word_1_185' title='bbox 489 3553 638 3612; x_wconf 88' lang='lat' dir='ltr'>quaeque</span> <span class='ocrx_word' id='word_1_186' title='bbox 668 3537 856 3598; x_wconf 85' lang='lat' dir='ltr'>fidelissime</span> <span class='ocrx_word' id='word_1_187' title='bbox 881 3539 1023 3598; x_wconf 84' lang='lat' dir='ltr'>retinent</span> <span class='ocrx_word' id='word_1_188' title='bbox 1045 3554 1104 3614; x_wconf 87' lang='lat' dir='ltr'>per</span> <span class='ocrx_word' id='word_1_189' title='bbox 1128 3555 1241 3598; x_wconf 87' lang='lat' dir='ltr'>omnes</span> <span class='ocrx_word' id='word_1_190' title='bbox 1263 3538 1399 3616; x_wconf 83' lang='lat' dir='ltr'>linguae</span> 
     </span>
     <span class='ocr_line' id='line_1_27' title="bbox 303 3642 1399 3721; baseline 0.005 -22"><span class='ocrx_word' id='word_1_191' title='bbox 303 3648 436 3702; x_wconf 84' lang='lat' dir='ltr'>aetates.</span> <span class='ocrx_word' id='word_1_192' title='bbox 483 3642 547 3704; x_wconf 82' lang='lat' dir='ltr'>Sed</span> <span class='ocrx_word' id='word_1_193' title='bbox 579 3643 660 3704; x_wconf 83' lang='lat' dir='ltr'>haee</span> <span class='ocrx_word' id='word_1_194' title='bbox 693 3644 864 3706; x_wconf 83' lang='lat' dir='ltr'>haetenus:</span> <span class='ocrx_word' id='word_1_195' title='bbox 905 3652 1107 3704; x_wconf 88' lang='lat' dir='ltr'>transeamus</span> <span class='ocrx_word' id='word_1_196' title='bbox 1139 3645 1182 3704; x_wconf 84' lang='lat' dir='ltr'>ad</span> <span class='ocrx_word' id='word_1_197' title='bbox 1206 3645 1337 3721; x_wconf 83' lang='lat' dir='ltr'>singula</span> <span class='ocrx_word' id='word_1_198' title='bbox 1365 3652 1399 3704; x_wconf 93' lang='lat' dir='ltr'>et</span> 
     </span>
     <span class='ocr_line' id='line_1_28' title="bbox 303 3748 1288 3828; baseline -0.004 -18"><span class='ocrx_word' id='word_1_199' title='bbox 303 3748 444 3821; x_wconf 86' lang='lat' dir='ltr'>primum</span> <span class='ocrx_word' id='word_1_200' title='bbox 468 3751 508 3808; x_wconf 87' lang='lat' dir='ltr'>de</span> <span class='ocrx_word' id='word_1_201' title='bbox 536 3766 598 3828; x_wconf 80' lang='lat' dir='ltr'>que</span> <span class='ocrx_word' id='word_1_202' title='bbox 621 3751 801 3825; x_wconf 77' lang='lat' dir='ltr'>particulae</span> <span class='ocrx_word' id='word_1_203' title='bbox 826 3751 1051 3810; x_wconf 82' lang='lat' dir='ltr'>conlocatione</span> <span class='ocrx_word' id='word_1_204' title='bbox 1075 3750 1288 3826; x_wconf 88' lang='lat' dir='ltr'>disputemus.</span> 
     </span>
    </p>
   </div>
   <div class='ocr_carea' id='block_1_7' title="bbox 348 4032 1191 4282">
    <p class='ocr_par' dir='ltr' id='par_1_8' title="bbox 348 4032 1191 4282">
     <span class='ocr_line' id='line_1_29' title="bbox 411 4032 1191 4105; baseline 0.004 -19"><span class='ocrx_word' id='word_1_205' title='bbox 411 4034 436 4099; x_wconf 92' lang='lat' dir='ltr'>l)</span> <span class='ocrx_word' id='word_1_206' title='bbox 457 4033 500 4090; x_wconf 86' lang='lat' dir='ltr'>Of.</span> <span class='ocrx_word' id='word_1_207' title='bbox 519 4033 617 4104; x_wconf 85' lang='lat' dir='ltr'>Ringe</span> <span class='ocrx_word' id='word_1_208' title='bbox 635 4051 664 4105; x_wconf 91' lang='lat' dir='ltr'>p.</span> <span class='ocrx_word' id='word_1_209' title='bbox 685 4032 847 4104; x_wconf 79' lang='lat' dir='ltr'>13Merteu</span> <span class='ocrx_word' id='word_1_210' title='bbox 866 4049 894 4104; x_wconf 89' lang='lat' dir='ltr'>p.</span> <span class='ocrx_word' id='word_1_211' title='bbox 914 4033 945 4102; x_wconf 78' lang='lat'>23</span> <span class='ocrx_word' id='word_1_212' title='bbox 964 4033 1064 4090; x_wconf 83' lang='lat' dir='ltr'>Elmer</span> <span class='ocrx_word' id='word_1_213' title='bbox 1082 4051 1111 4104; x_wconf 90' lang='lat' dir='ltr'>p.</span> <span class='ocrx_word' id='word_1_214' title='bbox 1130 4034 1191 4090; x_wconf 78' lang='lat'>294.</span> 
     </span>
     <span class='ocr_line' id='line_1_30' title="bbox 409 4120 927 4193; baseline 0.006 -18"><span class='ocrx_word' id='word_1_215' title='bbox 409 4121 437 4189; x_wconf 83' lang='lat'>2)</span> <span class='ocrx_word' id='word_1_216' title='bbox 458 4121 501 4177; x_wconf 86' lang='lat' dir='ltr'>Cf.</span> <span class='ocrx_word' id='word_1_217' title='bbox 521 4120 644 4190; x_wconf 79' lang='lat' dir='ltr'>Geisler,</span> <span class='ocrx_word' id='word_1_218' title='bbox 664 4122 737 4179; x_wconf 87' lang='lat' dir='ltr'>Phil.</span> <span class='ocrx_word' id='word_1_219' title='bbox 758 4123 799 4191; x_wconf 77' lang='lat' dir='ltr'>li),</span> <span class='ocrx_word' id='word_1_220' title='bbox 815 4137 847 4193; x_wconf 89' lang='lat' dir='ltr'>p.</span> <span class='ocrx_word' id='word_1_221' title='bbox 867 4121 927 4178; x_wconf 89' lang='lat'>100.</span> 
     </span>
     <span class='ocr_line' id='line_1_31' title="bbox 348 4209 913 4282; baseline 0.002 -16"><span class='ocrx_word' id='word_1_222' title='bbox 348 4245 351 4250; x_wconf 58' lang='lat'>&lt;</span> <span class='ocrx_word' id='word_1_223' title='bbox 409 4209 500 4276; x_wconf 82' lang='lat' dir='ltr'>3)Cf.</span> <span class='ocrx_word' id='word_1_224' title='bbox 520 4210 618 4269; x_wconf 85' lang='lat' dir='ltr'>Ehner</span> <span class='ocrx_word' id='word_1_225' title='bbox 637 4211 745 4282; x_wconf 71' lang='lat' dir='ltr'>phili.</span> <span class='ocrx_word' id='word_1_226' title='bbox 786 4273 792 4282; x_wconf 8' lang='grc' dir='ltr'>,Ἴ</span> <span class='ocrx_word' id='word_1_227' title='bbox 853 4275 871 4281; x_wconf 23' lang='lat'>,¹</span> <span class='ocrx_word' id='word_1_228' title='bbox 911 4275 913 4280; x_wconf 49' lang='grc'>,</span> 
     </span>
    </p>
   </div>
   <div class='ocr_carea' id='block_1_8' title="bbox 0 0 1575 5202">
    <p class='ocr_par' dir='ltr' id='par_1_9' title="bbox 0 0 1575 5202">
     <span class='ocr_line' id='line_1_32' title="bbox 0 0 1575 5202; baseline 0 0"><span class='ocrx_word' id='word_1_229' title='bbox 0 0 1575 5202; x_wconf 95' lang='lat' dir='ltr'> </span> 
     </span>
    </p>
   </div>
  </div>
 </body>
</html>
